2664 3927
652 197 657 201 '
738 211 835 266 DE
873 209 1432 265 ARCHITECTURA
1466 209 1599 266 ΜΒ.
1636 210 1703 279 x,
1744 215 1827 265 10.
1869 216 1933 264 11
2218 209 2349 274 265

333 361 679 437 stituentur,
741 362 834 420 uti
895 361 1072 420 facile
1137 360 1443 420 ducantur.
1534 379 1791 437 namque
1855 360 2353 436 quemadmodum

227 463 316 514 (16)
333 451 520 510 vectis
565 469 700 509 cnm
744 453 836 510 est
875 441 887 530 Ι
923 449 1299 528 longitudine
1336 449 1560 526 pedum
1603 468 1663 525 v,
1710 449 1870 526 quod
1916 467 2063 508 onus
2108 468 2203 508 1111
2246 450 2351 508 ho·

331 539 587 599 minibus
633 539 886 614 extollit,
931 538 993 597 id
1031 557 1168 598 eum
1203 542 1294 598 est
1328 557 1370 597 x
1408 538 1639 599 duobus
1675 539 1890 613 elevat,
1936 539 2140 598 eodem
2174 539 2351 598 modo

329 629 608 689 bracchia
660 647 782 704 que
835 629 1108 706 longiora.
1153 631 1294 687 sunt
1336 627 1606 704 mollius,
1661 645 1781 704 quo
1828 627 2103 688 breviora
2147 627 2353 686 durius

278 737 304 780 5
331 718 643 778 ducuntur.

465 803 924 882 Catapultarum
985 805 1248 865 rationes
1304 825 1339 864 e
1392 804 1604 882 quibus
1657 805 1937 864 membris
1994 808 2055 864 et
2106 823 2352 882 propor-

329 895 591 954 tionibus
655 897 1086 970 componantur
1147 894 1287 952 dixi.
1385 893 1763 953 ballistarum
1826 897 2026 954 autem
2088 894 2351 953 rationes
2378 904 2457 959 XI

225 994 312 1046 (2⁰)
330 983 534 1043 variae
570 986 710 1042 sunt
747 986 809 1042 et
848 977 857 1060 Ι
899 983 1236 1042 differentes
1271 983 1447 1041 unius
1480 983 1723 1042 effectus
1750 1001 1931 1042 causa
1958 985 2352 1059 comparatae.

331 1072 488 1131 aliae
535 1071 692 1130 enim
727 1071 993 1131 vectibus
1029 1075 1092 1130 et
1127 1072 1368 1148 suculiS,
1412 1073 1733 1130 nonnullae
1768 1072 2152 1148 polyspastis,
2197 1072 2353 1130 aliae

253 1181 306 1221 ιο
333 1161 573 1238 ergatis,
611 1160 906 1236 quaedam
941 1161 1127 1219 etiam
1161 1163 1583 1238 tympanorum
1617 1163 1979 1236 torquentur
2002 1160 2353 1222 rationibus.

333 1248 439 1308 sed
500 1251 702 1308 tamen
765 1249 933 1308 nulla
994 1249 1240 1309 ballista
1301 1249 1609 1326 perficitur
1666 1250 1783 1309 nisi
1846 1249 1924 1308 ad
1985 1250 2355 1326 propositam

197 1347 316 1403 269
331 1338 806 1416 magnitudinem
859 1340 1137 1414 ponderis
1187 1331 1196 1419 Ι
1247 1340 1403 1413 saxi,
1458 1337 1619 1414 quod
1670 1338 1735 1396 in
1781 1355 2072 1416 organum
2116 1337 2355 1396 mittere
2458 1351 2467 1364 ‘

287 1503 294 1510 .
332 1427 524 1486 debet.
581 1427 772 1505 igitur
807 1427 880 1486 de
914 1427 1146 1487 ratione
1183 1445 1389 1486 earum
1423 1445 1543 1485 non
1582 1429 1673 1486 est
1708 1425 1979 1486 omnibus
2016 1426 2357 1502 expeditum

331 1516 450 1575 nisi
496 1517 600 1593 qui
636 1516 1012 1594 geometricis
1049 1515 1385 1576 rationibus
1416 1533 1693 1574 numeros
1730 1518 1791 1575 et
1825 1515 2355 1591 multiplicationes

255 1624 308 1666 ιε
334 1604 558 1664 habent
602 1609 792 1665 netas.
865 1621 1008 1664 nam
1054 1623 1206 1682 quae
1250 1605 1403 1678 fiunt
1445 1605 1509 1662 in
1555 1604 1849 1680 capitibus
1893 1604 2207 1678 foramina,
2249 1623 2357 1681 per
2392 1620 2425 1669 2

256 1706 322 1756 (⁵)
341 1713 596 1770 quorum
642 1694 842 1770 spatia
877 1694 1312 1753 contenduntur
1352 1687 1361 1772 Ι
1402 1694 1625 1770 capillo
1656 1693 1913 1752 maxime
1946 1691 2225 1751 muliebri
2259 1694 2357 1752 vel

333 1801 516 1842 nervo
536 1778 766 1861 (torti)
783 1783 977 1859 funes,
1003 1783 1415 1860 magnitudine
1443 1783 1722 1858 ponderis
1746 1781 1967 1858 lapidis
1986 1800 2164 1857 quem
2180 1779 2357 1840 debet

334 1888 406 1928 ea
439 1870 684 1930 ballista
719 1871 958 1930 mittere
996 1873 1057 1930 et
1089 1872 1324 1931 ratione
1358 1871 1673 1948 gravitatis
1708 1870 2091 1948 proportione
2118 1888 2356 1929 smnun·
2408 1913 2413 1921 .

331 1961 451 2035 tur,
488 1959 986 2036 quemadmodum
1022 1960 1347 2037 catapultis
1384 1961 1455 2020 de
1482 1959 1952 2038 longitudinibus
1981 1960 2356 2039 sagittarum.

255 2068 309 2109 eo
335 2048 540 2124 itaque
598 2052 670 2108 ut
729 2051 913 2109 etiam
972 2050 1076 2126 qui
1133 2050 1524 2128 geometriam
1578 2068 1699 2109 non
1752 2052 2046 2109 noverunt
2095 2049 2359 2109 habeant

227 2147 317 2201 (1⁰)
337 2137 705 2214 expeditum,
767 2158 844 2198 ne
895 2140 960 2197 in
1012 2138 1276 2214 periculo
1327 2138 1543 2199 bellico
1598 2130 2078 2221 cogitaltionibus
2133 2138 2356 2198 detine-

335 2229 538 2301 antur,
579 2246 730 2303 quae
775 2228 908 2304 ipse
947 2227 1229 2287 faciundo
1275 2229 1441 2287 certa
1481 2229 1733 2306 cognovi
1771 2246 2040 2304 quaeque
2078 2246 2149 2286 ex
2184 2229 2359 2303 parte

335 2316 536 2392 accepi
592 2334 630 2374 a
682 2316 1168 2392 praeceptoribus
1218 2316 1393 2375 finita
1447 2334 1763 2393 exponam,
1818 2319 1879 2376 et
1925 2316 2137 2392 quibus
2182 2316 2357 2375 rebus

337 2403 698 2465 Graecorum
759 2406 1072 2481 pensiones
1129 2405 1205 2464 ad
1259 2406 1531 2466 modulos
1584 2405 1847 2465 habeant
1896 2404 2217 2481 rationem,
2280 2405 2359 2462 ad

255 2514 306 2556 25
335 2512 468 2553 eam
520 2497 593 2553 ut
647 2493 829 2553 etiam
873 2495 1092 2554 nostris
1135 2494 1493 2571 ponderibus
1537 2494 1936 2572 respondeant
1979 2493 2217 2553 tradam
2261 2512 2355 2553 ex-

227 2594 315 2646 (15)
334 2583 575 2659 plicata.
622 2601 763 2641 nam
809 2602 962 2660 quae
996 2583 1241 2642 ballista
1274 2601 1323 2640 11
1359 2583 1556 2659 pondo
1595 2602 1803 2642 saxum
1838 2583 2075 2642 mittere
2116 2575 2125 2664 Ι
2167 2582 2355 2657 debet,
2394 2597 2425 2645 3

333 2672 602 2732 foramen
658 2672 773 2730 erit
825 2672 890 2730 in
946 2672 1070 2731 eius
1126 2672 1390 2748 capitulo
1442 2672 1767 2750 digitorum
1810 2690 1870 2748 v,
1924 2671 1977 2733 si
2020 2670 2216 2748 pondo
2261 2690 2358 2728 m1

334 2760 660 2838 digitorum
704 2779 804 2821 sex
850 2763 914 2821 et
1043 2794 1050 2803 ·
1133 2760 1460 2839 digitorum
1502 2779 1611 2837 vn,
1654 2762 1855 2821 decem
1897 2760 2098 2837 pondo
2142 2760 2356 2837 digito-

477 2936 509 2984 2
545 2930 754 3001 pedum
794 2948 906 2985 sm.
947 2930 1098 2999 quod
1135 2946 1276 2985 onus
1323 2929 1571 3000 quinque
1607 2930 1663 2984 h.
1700 2948 1755 2985 x.
1810 2931 1830 3000 ΙΙ
1884 2936 1916 2984 8
1955 2928 2128 2998 idque
2162 2932 2263 3000 (·q,
2290 2928 2357 2999 S)

334 3003 423 3056 eet
469 3006 519 3073 (ὃ
551 3001 678 3071 0183
722 3018 790 3056 ex
837 3000 1054 3055 duob-us
1101 3001 1386 3057 elevatum
1432 3004 1540 3071 μῆ
1571 3002 1700 3069 GS)
1748 3001 2106 3070 eodem'(-t1'1.
2160 3000 2359 3055 eodem

337 3072 432 3143 ΘΟ)
465 3090 521 3128 oe.
579 3074 604 3143 ΙΙ
649 3079 688 3125 4
728 3072 998 3127 bracchia
1040 3072 1295 3143 (brachia
1331 3073 1403 3143 S)
1438 3088 1551 3141 quo
1587 3072 1724 3127 HS:
1774 3072 1994 3127 brachii
2030 3075 2177 3141 aquo
2215 3072 2303 3126 G0.
2346 3071 2355 3144 Ι

333 3144 486 3211 quod
533 3143 632 3214 (qd
667 3144 735 3213 S)
779 3144 862 3198 br.
899 3162 940 3197 x
977 3146 1120 3213 (quo
1159 3144 1272 3213 6⁰).
1327 3146 1353 3267 Ι
1402 3150 1435 3197 6
1489 3160 1562 3198 m.
1619 3143 2041 3213 expertionibus
2084 3160 2126 3198 x
2179 3145 2356 3223 (prop.

334 3214 592 3283 Mamm).
647 3216 668 3285 ΙΙ
721 3221 754 3269 9
789 3213 996 3283 vectib3
1034 3216 1186 3284 suc(c
1215 3214 1326 3283 G‘)u
1351 3213 1402 3267 is
1436 3232 1491 3270 x.
1544 3217 1556 3284 Ι
1600 3214 1781 3285 poly(i
1807 3213 2168 3285 SG)spastis:
2209 3212 2357 3283 polis

332 3284 516 3354 partis
557 3292 686 3341 ante
730 3302 866 3341 ew.
901 3286 969 3341 G.
1023 3288 1046 3355 ΙΙ
1097 3290 1168 3339 10
1215 3285 1455 3355 ergastis
1490 3303 1547 3341 x.
1601 3288 1625 3356 ΙΙ
1678 3291 1745 3340 15
1782 3288 1853 3368 (et
1888 3289 1977 3355 26)
2021 3301 2210 3352 namq3
2246 3301 2303 3339 x.
2340 3285 2359 3347 ΙΙ

337 3360 402 3409 17
430 3355 570 3410 torti
596 3372 696 3411 om.
725 3374 780 3411 x.
809 3358 832 3427 ΙΙ
858 3361 924 3410 18
963 3359 1022 3410 et
1058 3358 1169 3427 (r.):
1207 3372 1275 3411 ex
1301 3374 1357 3411 x.
1386 3360 1407 3427 ΙΙ
1434 3362 1501 3412 20
1574 3359 1875 3431 eometnce
1900 3374 1954 3410 x.
1988 3357 1997 3426 Ι
2029 3354 2243 3409 habent
2265 3372 2321 3409 x.
2341 3354 2362 3427 ΙΙ

335 3432 404 3480 28
442 3428 677 3497 accepta
710 3444 791 3497 pr.
831 3428 885 3483 S.
913 3430 934 3497 ΙΙ
961 3434 1030 3481 26
1068 3428 1179 3483 duo
1217 3430 1275 3498 (i.
1312 3430 1379 3497 11)
1418 3444 1531 3498 pon
1573 3444 1606 3482 o
1641 3446 1696 3483 x.
1772 3432 1841 3481 28
1878 3443 1976 3481 sex
2012 3424 2059 3480 &c
2094 3425 2357 3497 digitorii.

334 3497 398 3557 H
427 3498 546 3566 (ubi
575 3516 661 3552 ,η
691 3498 828 3568 SG).
886 3506 1100 3568 puncta
1133 3500 1217 3555 vel
1250 3500 1457 3555 circulo
1489 3501 1573 3569 (ut
1596 3500 1661 3553 in
1760 3498 1829 3567 S)
1854 3499 1938 3554 vel
1966 3501 2123 3567 (quae
2158 3498 2361 3553 codicis

336 3568 390 3625 G
444 3568 750 3623 arbitrwria
803 3572 950 3625 ratio
1004 3573 1102 3640 est)
1153 3572 1420 3643 cmyulari
1465 3572 1677 3641 partim
1726 3571 1912 3638 forma
1956 3572 2249 3639 composita
2296 3570 2360 3623 in
