2664 3927
762 168 858 223 DE
897 167 1457 225 ARCHITECTURA
1492 169 1624 224 LIB.
1662 168 1758 239 ΠΙ,
1798 176 1826 223 1
2221 169 2308 234 65

203 332 269 383 (5)
288 320 483 380 minus
513 319 1009 395 quemadmodum
1039 320 1276 379 schema
1302 319 1739 380 rotundationis
1776 320 1841 378 in
1867 337 2109 396 corpore
2141 312 2151 402 Ι
2182 319 2307 379 effi-

289 411 461 483 citur,
505 409 653 467 item
697 408 991 485 quadrata
1036 409 1370 486 designatio
1414 409 1479 467 in
1526 427 1593 467 eo
1638 409 1989 468 invenietur.
2069 428 2210 468 nam
2255 411 2308 470 si

289 516 326 556 a
379 498 628 574 pedibus
690 497 826 556 imis
889 496 967 555 ad
1029 516 1324 556 summum
1389 500 1571 573 caput
1631 517 1900 557 mensum
1953 499 2067 558 erit
2120 518 2307 575 eaque

288 605 564 646 mensura
608 587 802 644 relata
845 585 1028 644 fuerit
1073 587 1150 644 ad
1193 605 1403 646 manus
1449 605 1686 662 pansaS,
1730 588 2066 646 invenietur
2102 588 2307 647 eadem

235 695 262 736 5
288 675 544 734 latitudo
581 675 673 733 uti
710 673 985 748 altitude,
1022 674 1515 750 quemadmodum
1546 694 1719 734 areae
1756 695 1908 752 quae
1937 675 2013 735 ad
2038 695 2308 735 normam

291 768 432 824 sunt
477 751 887 840 quadratae.xs
898 781 1038 839 ergo
1084 763 1135 822 si
1178 764 1266 821 ita
1309 767 1527 824 natura
1572 765 1903 840 composuit
1946 784 2157 842 corpus
2202 765 2306 825 ho·
2342 781 2379 828 4

179 862 269 914 (10)
289 854 466 912 minis
501 853 593 911 uti
625 844 632 934 Ι
664 851 1141 928 proportionibus
1178 850 1441 911 membra
1469 853 1546 911 ad
1572 871 1864 912 summam
1889 854 2307 932 figurationem

289 943 416 1001 eius
461 939 883 1016 respondeant,
929 959 1064 998 cum
1109 957 1286 999 causa
1334 942 1707 1002 constituisse
1750 942 2028 1002 videntur
2072 944 2306 1020 antiqui

288 1033 359 1089 ut
403 1031 586 1090 etiam
630 1030 695 1088 in
732 1048 978 1106 operum
1013 1029 1473 1105 perfectionibus
1511 1031 1877 1107 singulorum
1911 1032 2307 1092 membrorum

209 1138 263 1177 10
291 1118 369 1177 ad
414 1119 723 1178 universae
767 1118 992 1196 figurae
1038 1119 1293 1194 speciem
1336 1117 1598 1176 habeant
1642 1137 2006 1180 commensus
2054 1122 2305 1181 exactio-

203 1235 244 1250 ·
288 1211 502 1271 nemas<
533 1207 718 1284 igitur
761 1226 896 1266 cum
925 1207 1012 1265 'in
1065 1206 1337 1266 omnibus
1392 1206 1665 1282 operibus
1711 1207 1943 1268 ordines
1987 1210 2307 1286 traderent,

177 1307 273 1358 (15)
291 1290 506 1373 (tum)
548 1296 803 1355 maxime
847 1297 910 1354 in
957 1287 1217 1378 aedilbus
1262 1295 1534 1370 deorum,
1577 1290 1912 1374 (quorum)
1958 1314 2202 1374 operum
2246 1304 2307 1358 et

288 1384 496 1444 laudes
541 1388 601 1443 et
646 1386 855 1461 culpae
901 1387 1176 1444 aeternae
1222 1384 1427 1444 solent
1459 1402 1820 1460 permanere.

421 1473 545 1533 Nec
607 1475 802 1533 minus
865 1492 1273 1532 mensurarum
1334 1473 1622 1547 rationes,
1696 1491 1847 1548 quae
1909 1473 1973 1531 in
2037 1475 2305 1536 omnibus
2345 1490 2377 1537 5

208 1582 260 1622 15
289 1562 560 1637 operibus
614 1562 893 1622 videntur
944 1563 1308 1622 necessariae
1373 1581 1524 1637 esse,
1588 1581 1659 1620 ex
1712 1563 1972 1637 corporis
2030 1563 2307 1624 membris

289 1652 678 1729 collegerunt,
731 1653 823 1710 uti
878 1651 1132 1729 digitum
1183 1651 1454 1727 palmum
1495 1652 1708 1727 pedem
1758 1651 2047 1727 cubitum,
2102 1655 2162 1710 et
2208 1671 2306 1712 eas

181 1749 270 1803 (20)
289 1731 734 1821 distrilbuerunt
767 1742 832 1798 in
867 1742 1196 1816 perfectum
1230 1758 1558 1814 numerum,
1601 1759 1776 1815 quem
1813 1737 2023 1799 Graeci
2058 1739 2307 1800 τελειον

289 1829 511 1903 dicunt,
554 1830 883 1904 perfectum
918 1831 1118 1888 autem
1155 1829 1389 1904 antiqui
1426 1829 1814 1887 instituerunt
1849 1848 2158 1888 numerum
2204 1831 2308 1905 qui

291 1917 492 1975 decem
536 1917 767 1977 dicitur.
849 1936 1104 1993 namque
1151 1936 1222 1976 ex
1263 1915 1537 1977 manibus
1574 1917 1897 1996 digitorum
1940 1936 2183 1978 numero
2231 1918 2305 1978 ab

211 2028 264 2066 20
289 2005 490 2080 palmo
535 2024 640 2082 pes
687 2009 779 2065 est
821 2006 1113 2065 inventus.
1204 2007 1254 2065 si
1301 2009 1502 2065 autem
1553 2007 1618 2064 in
1660 2007 1928 2083 utrisque
1973 2008 2189 2083 palmis
2236 2028 2307 2068 ex

291 2093 556 2153 articulis
621 2093 696 2153 ab
758 2097 973 2153 natura
1034 2095 1236 2154 decem
1299 2099 1439 2155 sunt
1495 2096 1768 2171 perfecti,
1831 2098 2013 2154 etiam
2066 2096 2306 2156 Platoni

183 2194 269 2246 (25)
288 2183 517 2258 placuit
581 2200 706 2242 esse
764 2178 772 2262 Ι
833 2202 966 2241 eum
1035 2202 1346 2242 numerum
1419 2203 1488 2242 ea
1553 2204 1617 2243 re
1679 2186 2023 2260 perfectum'
2071 2186 2174 2261 qui
2236 2206 2307 2245 ex

289 2271 688 2349 singularibus
733 2272 934 2348 rebus,
990 2291 1141 2348 quae
1188 2273 1461 2342 μοναδεε
1508 2272 1667 2348 apud
1713 2270 1967 2333 Graecos
2013 2274 2305 2351 dicuntur,

186 2370 256 2425 67
287 2359 591 2436 perficitur
643 2360 918 2420 decussis.
976 2355 984 2439 Ι
1043 2361 1220 2420 simul
1275 2363 1477 2420 autem
1520 2360 1794 2420 undecim
1839 2364 1944 2420 aut
1998 2362 2307 2423 duodecim

211 2469 262 2510 25
289 2453 428 2508 sunt
479 2449 651 2525 facti,
708 2450 866 2525 quod
920 2451 1353 2526 superaverint,
1407 2469 1526 2509 non
1578 2454 1827 2526 possunt
1872 2469 1995 2509 esse
2040 2452 2307 2528 perfecti,

288 2537 472 2596 donec
525 2537 603 2596 ad
657 2538 913 2597 alterum
965 2539 1256 2598 decussim
1308 2539 1676 2615 perveniant.
1766 2540 2093 2617 singulares
2148 2542 2306 2600 enim

287 2645 380 2685 res
425 2627 756 2703 particulae
802 2629 940 2686 sunt
986 2628 1109 2686 eius
1154 2628 1401 2686 numeri.
1472 2628 1879 2687 mathematici
1913 2647 2052 2687 vero
2100 2634 2306 2689 contra
2343 2643 2376 2689 6

211 2726 269 2778 (5)
289 2714 658 2790 disputantes
706 2734 776 2775 ea
820 2735 884 2775 re
937 2717 1265 2793 perfectum
1303 2711 1312 2796 Ι
1354 2716 1627 2775 dixerunt
1677 2735 1802 2776 esse
1846 2737 2156 2776 numerum
2202 2720 2305 2794 qui

289 2822 389 2863 sex
422 2804 658 2879 dicitur,
696 2806 854 2880 quod
889 2806 940 2865 is
977 2824 1253 2865 numerus
1289 2805 1473 2865 habet
1505 2806 1856 2881 partitiones
1886 2824 2087 2864 eorum
2123 2808 2304 2867 ratio·

433 3032 460 3080 1
501 3043 723 3081 scaema
751 3028 817 3081 H
848 3031 1056 3096 (scema
1084 3028 1145 3082 E
1156 3028 1302 3091 GS).
1339 3028 1358 3097 ΙΙ
1394 3033 1429 3080 4
1468 3044 1701 3096 spansas
1730 3027 1807 3082 H.
1845 3030 1865 3098 n
1908 3032 1975 3080 10
2010 3027 2303 3081 universae

289 3097 614 3166 (cfi12,15):
644 3114 790 3151 -sam
807 3116 848 3153 ω
867 3100 955 3168 (esi
970 3102 1063 3166 68,
1077 3100 1183 3169 18).
1212 3101 1231 3168 u
1261 3103 1326 3151 12
1346 3100 1469 3151 tum
1487 3115 1586 3152 om.
1597 3116 1654 3153 x.
1688 3100 1698 3166 Ι
1729 3116 1965 3167 quorum
1982 3101 2071 3168 (=
2092 3101 2303 3169 corum)

289 3184 386 3221 om.
405 3184 460 3222 ω.
495 3169 504 3236 Ι
536 3169 595 3221 et
619 3166 817 3223 laudes
847 3168 1064 3241 sculpte
1099 3170 1159 3223 E
1183 3176 1268 3236 (ut
1294 3169 1382 3237 L).
1412 3171 1431 3239 ΙΙ
1461 3174 1525 3222 15
1553 3169 1870 3224 necessaria
1900 3171 1974 3224 H.
2005 3172 2023 3239 11
2054 3174 2119 3222 16
2148 3168 2303 3222 colli-

289 3240 491 3307 gerunt
521 3238 573 3293 G
601 3246 651 3294 et
677 3246 804 3294 mate
831 3257 968 3295 corr.
999 3241 1067 3294 H
1089 3245 1220 3311 (non
1249 3239 1493 3305 EH08).
1522 3241 1543 3309 ΙΙ
1570 3245 1635 3293 17
1665 3240 1853 3295 teleon
1877 3258 1931 3295 x.
1962 3242 1981 3309 ΙΙ
2012 3245 2074 3293 19
2112 3256 2303 3294 nume-

288 3326 412 3361 rum
448 3312 558 3379 (-rfi
587 3309 794 3391 Hs'E)
829 3328 885 3365 ω.
923 3312 942 3380 ΙΙ
979 3316 1046 3364 22
1085 3310 1208 3396 quiz
1255 3311 1407 3379 quod
1442 3313 1526 3412 (fn
1560 3328 1667 3395 rus:
1699 3311 1765 3380 S)
1801 3330 1855 3366 ω.
1885 3314 1903 3380 ΙΙ
1932 3316 1999 3363 23
2038 3310 2303 3365 monades

287 3379 804 3592 {2230}‘}{⁶‘3¹33⁸05}}
819 3382 1008 3520 ⁸55³?
1019 3384 1154 3508 (53².
1183 3400 1236 3523 ‘1¹1³
1268 3382 1603 3507 ἕέῖ·ᾱῗωὲῗζ
1629 3401 1703 3507 02⁹?
1732 3383 2112 3523 W'fffiss
2144 3380 2305 3524 ‘3322

288 3537 424 3576 corr.
544 3563 556 3575 .

394 3620 599 3660 Vrrnnv.
629 3620 685 3661 de
722 3620 955 3662 architect.
984 3622 1052 3663 ed.
1082 3623 1240 3664 Rose.
1918 3618 1949 3665 5
