2664 3927
708 185 924 238 LIBER
959 183 1187 238 ARTIs-
1206 183 1886 240 ARCHITECTONIOAE
2184 185 2316 250 295

282 337 411 395 sint
458 335 693 411 quando
739 335 831 392 his
877 335 970 392 uti
1016 335 1261 393 solitum
1306 338 1412 394 est.
1493 335 1720 394 aestiva
1764 335 2026 394 triclinia
2072 335 2150 394 ad
2186 355 2314 412 sep-

281 425 647 484 tentrionem
692 426 959 500 spectare
1005 423 1239 499 debent,
1286 423 1444 498 quod
1491 443 1560 482 ea
1607 424 1770 500 regio
1817 426 2054 499 praeter
2090 425 2315 485 ceteras

160 524 257 576 (20)
281 513 563 590 frigidior
635 516 725 572 est
788 515 849 572 et
912 513 1219 572 solstitiali
1289 515 1556 588 tempore
1598 507 1605 591 Ι
1645 513 1964 571 iocundam
2036 514 2312 573 sanitatis

282 604 661 678 voluptatem
707 601 1048 677 corporibus
1093 603 1379 676 praestat.
2188 593 2191 596 ’

226 711 253 754 5
428 691 845 750 Tricliniorum
892 692 952 748 et
988 691 1360 749 conclavium
1396 693 1625 766 quanta
1660 690 1918 748 latitudo
1967 693 2028 749 et
2070 691 2260 768 longi·
2319 684 2549 778 {3²3³ss

284 781 437 839 tudo
483 780 664 838 fuerit
715 780 781 837 in
824 799 942 840 uno
990 782 1336 854 computata
1379 797 1683 854 mensura,
1742 798 1813 837 ex
1859 792 1928 838 ea
1971 779 2259 839 medietas
2313 791 2546 832 aedificio-

289 869 601 927 altitudini
644 867 961 926 tribuatur.
1036 867 1088 926 si
1134 871 1336 926 autem
1381 869 1626 926 exedrae
1671 871 1778 926 aut
1815 869 1940 927 oeci
1981 869 2258 943 quadrati
2286 855 2522 957 war-'²2⁰3-
2539 919 2588 956 4·

284 958 538 1031 fuerint,
591 957 786 1015 media
841 975 981 1032 pars
1044 975 1356 1016 mensurae
1419 957 1483 1014 in
1539 956 1920 1015 altitudinem
1975 960 2260 1016 struatur.
2453 946 2464 967 '

167 1057 266 1108 (25)
284 1045 710 1122 pinacothecae
765 1048 825 1103 et
865 1040 873 1124 Ι
912 1046 1344 1121 plumariorum
1398 1045 1668 1105 officinae
1723 1045 1786 1104 in
1848 1049 2020 1121 parte
2083 1050 2313 1122 septen-

202 1156 258 1194 ιο
286 1134 536 1192 trionali
590 1137 729 1192 sunt
783 1134 1254 1212 constituendae,
1318 1138 1388 1193 ut
1443 1135 1667 1193 colores
1723 1137 1784 1192 et
1834 1154 2133 1210 purpurae
2187 1137 2313 1194 sine

286 1224 439 1282 vitio
475 1225 865 1282 reserventur.
940 1222 1012 1282 de
1039 1223 1346 1298 vaporatis
1385 1225 1543 1282 enim
1574 1223 1916 1300 regionibus
1945 1225 2314 1300 corruptelae

286 1314 631 1373 nascuntur,

422 1401 663 1460 Balneis
699 1402 864 1461 locus
912 1399 1217 1478 eligendus
1264 1403 1356 1459 est
1391 1403 1596 1460 contra
1634 1418 1910 1459 occasum
1945 1400 2260 1459 hibernum
2311 1395 2436 1434 XVI·
2480 1395 2551 1436 ΒΘ

2285 1448 2464 1488 fabrica
2481 1449 2584 1488 bal·
2627 1455 2629 1460 '

290 1493 397 1548 aut
424 1493 657 1565 partem
683 1491 1092 1564 meridianam,
1126 1492 1199 1547 ut
1230 1489 1354 1548 sole
1383 1489 1698 1548 decedente
1725 1491 2046 1564 vaporetur
2071 1508 2256 1564 usque
2327 1512 2534 1542 aearum.

142 1569 301 1660 30οΙ
336 1579 413 1636 ad
458 1598 771 1655 vesperum
827 1579 983 1655 quod
1037 1581 1271 1653 tempus
1319 1578 1396 1636 ad
1445 1578 1768 1638 lavandum
1810 1578 2106 1637 tributum
2151 1573 2417 1676 estfssgffi·
2441 1573 2482 1678 ᾗ
2495 1574 2589 1680 43ss
2627 1633 2629 1654 ff

208 1688 261 1728 16
290 1686 684 1743 suspensurae
713 1668 1040 1727 calidarum
1076 1667 1360 1726 cellarum
1393 1667 1482 1725 ita
1519 1669 1658 1726 sunt
1692 1666 1998 1726 faciendae
2033 1669 2106 1724 ut
2140 1687 2260 1742 pri-

288 1777 453 1815 mum
509 1775 649 1814 area
708 1755 1223 1832 sesquipedalibus
1278 1756 1497 1833 tegulis
1545 1758 1974 1831 consternatur,
2025 1755 2314 1815 inclinata

185 1893 189 1900 .
290 1845 366 1903 ad
410 1846 711 1904 fornacem
754 1847 825 1904 ut
878 1845 1004 1920 pila
1048 1844 1231 1904 missa
1286 1845 1445 1903 intro
1491 1845 1764 1905 resistere
1810 1863 1930 1902 non
1973 1844 2165 1919 possit
2209 1845 2312 1903 sed

208 1943 269 1995 (⁵)
287 1933 493 1992 redeat
539 1933 615 1993 ad
654 1928 663 2013 Ι
704 1934 1129 2010 praefurnium.
1220 1934 1460 1993 flamma
1507 1934 1665 1993 enim
1711 1951 1944 1993 sursum
1989 1933 2313 2012 adsurgens

208 2042 261 2082 20
288 2022 598 2083 calidiores
646 2022 830 2082 efficit
875 2024 1073 2083 cellas.
1164 2041 1466 2099 supraque
1521 2022 1824 2082 laterculis
1877 2023 2207 2082 bessalibus
2254 2026 2314 2082 et

288 2112 558 2171 rotundis
611 2112 770 2187 pilae
823 2112 1200 2171 instruantur
1252 2132 1322 2171 ex
1378 2112 1596 2188 capillo
1653 2112 1869 2189 argilla
1923 2112 2194 2187 subacta,
2249 2112 2314 2170 in

289 2201 526 2275 privato
585 2201 834 2277 pedibus
891 2201 1047 2261 binis
1103 2201 1307 2276 semiS,
1367 2202 1431 2260 in
1482 2201 1721 2277 publico
1776 2200 1980 2259 ternis
2070 2202 2311 2277 tegulae

289 2288 590 2365 bipedales
646 2309 822 2365 super
876 2290 1320 2349 constituantur
1366 2310 1520 2366 quae
1573 2290 1986 2365 pavimentum
2032 2290 2312 2367 dirigant.

186 2390 273 2441 (1⁰)
291 2378 635 2453 plumbeum
677 2398 783 2438 vas
840 2378 996 2453 quod
1038 2374 1045 2457 Ι
1086 2381 1367 2455 patenam
1422 2398 1657 2438 aeream
1709 2378 1914 2453 habet,
1971 2396 2149 2453 supra
2194 2379 2312 2437 for-

215 2487 265 2529 25
292 2486 495 2526 naeem
559 2468 927 2543 conlocetur,
991 2468 1247 2527 alterum
1298 2468 1492 2527 simile
1557 2466 1934 2544 frigidarium
1989 2485 2181 2542 secuS,
2243 2471 2313 2525 ut

294 2557 582 2631 quantum
626 2556 832 2615 caldae
877 2576 948 2615 ex
992 2575 1063 2615 eo
1108 2555 1171 2615 in
1208 2557 1358 2615 solio
1397 2556 1749 2615 admittatur
1783 2558 2024 2614 tantum
2059 2556 2312 2633 frigidae

291 2643 655 2703 infundatur.
731 2645 1171 2722 magnitudines
1218 2648 1417 2704 autem
1459 2645 1810 2705 balnearum
1854 2663 1962 2719 pro
2007 2645 2313 2703 hominum

294 2734 463 2809 copia
509 2736 618 2791 aut
654 2734 981 2793 voluntatis
1017 2734 1213 2811 gratia
1247 2733 1379 2793 fieri
1414 2733 1730 2808 debebunt,
1775 2732 2090 2793 dummodo
2128 2734 2311 2793 cellae

192 2834 275 2885 (1⁵)
294 2822 375 2881 sic
421 2822 813 2898 disponantur
855 2825 929 2881 ut
966 2825 1190 2898 quanta
1226 2823 1542 2900 longitudo
1585 2818 1592 2901 Ι
1632 2822 1817 2881 fuerit
1854 2822 2034 2880 tertia
2070 2822 2312 2897 dempta

220 2932 270 2973 so
294 2911 547 2971 latitudo
584 2911 950 2987 disponatur.
1017 2912 1228 2971 melius
1268 2912 1425 2971 enim
1460 2911 1616 2989 ignis
1653 2931 1758 2987 per
1796 2912 2140 2989 angustiora
2175 2912 2312 2969 lati-

292 3000 515 3059 tudinis
544 3000 831 3059 cellarum
858 3000 1217 3076 operabitur.
1280 3002 1480 3059 lumen
1508 3000 1782 3059 fenestris
1811 3000 1884 3059 ab
1912 2999 2176 3059 hibernis
2204 3003 2312 3058 aut

282 3088 629 3160 ‚meridianis
655 3089 929 3165 partibus
956 3089 1269 3149 tribuatur.
1332 3090 1574 3149 aestivis
1599 3088 1828 3148 balneis
1854 3089 2312 3165 hypocausteria

293 3195 397 3252 pro
435 3177 551 3236 loci
584 3178 992 3256 magnitudine
1031 3198 1165 3238 cum
1199 3178 1442 3254 piscinis
1478 3179 1542 3237 in
1577 3178 1976 3254 septentrione
2010 3177 2108 3237 vel
2143 3179 2310 3252 aqui-

194 3276 279 3327 (20)
295 3266 425 3325 lone
463 3268 917 3343 constituantur,
956 3270 1016 3327 et
1054 3268 1127 3326 ab
1158 3268 1365 3327 eadem
1399 3271 1571 3344 parte
1603 3258 1612 3349 Ι
1643 3267 1896 3325 maxime
1924 3268 2125 3325 lumen
2151 3267 2310 3325 fene-

222 3373 271 3414 85
296 3354 428 3413 stris
477 3356 845 3429 admittatur,
888 3359 962 3415 ut
1008 3357 1395 3416 salubriorem
1435 3360 1494 3415 et
1531 3355 1873 3433 corporibus
1908 3354 2311 3413 iocundiorem

295 3444 549 3521 gratiam
600 3448 877 3521 praestet.
970 3447 1035 3504 in
1080 3445 1228 3505 villa
1281 3446 1506 3506 rustica
1559 3446 1839 3505 balneum
1896 3444 2128 3502 culinae
2175 3461 2312 3501 con-

294 3533 591 3611 iungatur,
628 3536 697 3592 ut
731 3536 968 3594 facilius
1009 3555 1043 3593 a
1079 3534 1316 3595 rusticis
1353 3535 1750 3595 ministerium
1797 3532 2058 3591 exhiberi
2102 3531 2312 3606 possit.
