2664 3927
707 220 804 275 Da
840 195 1405 278 A'Rcm'rncrunA
1442 220 1574 275 Lm.
1612 220 1683 288 Π,
1721 223 1771 276 8.
1810 226 1842 274 9
2197 220 2284 286 53

270 376 558 451 quantum
603 372 762 431 enim
807 372 1110 431 celeritate
1155 374 1217 431 et
1259 371 1379 431 loci
1422 372 1760 430 laxamento
1804 373 2071 447 prosunt,
2115 375 2286 432 tanto

267 464 479 522 maiori
525 465 587 521 et
632 461 927 522 communi
974 463 1112 519 sunt
1157 460 1508 536 calamitati,
1555 460 1712 536 quod
1759 460 1834 518 ad
1878 459 2152 519 incendia
2196 463 2289 519 uti

266 555 426 613 faces
463 554 601 612 sunt
635 551 851 627 parati.
923 550 1128 624 itaque
1166 551 1353 608 satius
1392 567 1517 609 esse
1553 548 1789 609 videtur
1822 548 2071 624 inpensa
2108 552 2288 609 testa-

266 661 502 702 ceorum
545 641 618 700 ,in
673 640 914 716 sumptu
969 656 1150 713 quam
1204 638 1550 714 compendio
1606 638 1983 698 craticiorum
2036 656 2163 697 esse
2224 640 2289 696 in

119 731 549 809 (2⁶)5perieu10.
614 719 932 809 etiamlque
959 727 1023 784 in
1049 726 1312 786 tectoriis
1343 727 1617 804 operibus
1644 728 1825 786 rimas
1861 728 2022 786 intus
2058 727 2288 786 faciunt

265 819 719 880 arrectariorum
765 818 826 875 et
868 817 1431 875 transversariorum
1476 815 1877 893 dispositione.
1951 834 2083 875 cum
2130 817 2287 874 enim

264 910 550 983 linuntur,
586 906 935 982 recipientes
971 922 1237 963 umorem
1271 908 1636 982 turgescunt,
1672 904 1882 964 deinde
1920 904 2285 965 siccescendo

267 997 695 1059 contrahuntur
739 997 800 1053 et
841 993 930 1052 ita
978 994 1281 1052 extenuati
1319 993 1695 1069 disrumpunt
1729 994 2113 1054 tectoriorum
2150 987 2287 1054 soli-

266 1087 533 1146 ditatem.
625 1082 727 1143 sed
773 1082 1056 1160 quoniam
1100 1083 1415 1141 nonnullos
1463 1083 1735 1142 celeritas
1782 1086 1887 1142 aut
1930 1082 2134 1159 inopia
2180 1086 2286 1142 aut

152 1176 283 1238 54·
265 1197 331 1235 m
357 1172 639 1260 pendenti
665 1173 796 1232 loco
824 1164 832 1254 Ι
858 1171 1182 1248 dissaeptio
1213 1172 1391 1248 cogit,
1420 1171 1504 1230 sie
1533 1171 1647 1229 erit
1671 1170 2030 1230 faciundum.
2095 1172 2287 1231 solum

186 1284 237 1321 11
269 1263 644 1323 substruatur
695 1262 845 1337 alte,
898 1264 968 1320 ut
1021 1260 1143 1320 sint
1188 1259 1405 1318 intacti
1449 1259 1523 1317 ab
1569 1259 1777 1318 rudere
1825 1262 1885 1318 et
1928 1255 2286 1335 pavimento

269 1351 465 1411 obruti
529 1351 686 1409 enim
746 1351 810 1410 in
870 1351 963 1409 his
1027 1368 1162 1408 cum
1225 1352 1389 1424 sunt,
1454 1351 1752 1408 vetustate
1813 1349 2061 1406 marcidi
2118 1349 2288 1424 fiunt,

155 1481 166 1488 -
269 1439 479 1500 deinde
507 1437 869 1500 subsidentia
895 1439 1306 1515 proclinantur
1334 1440 1396 1496 et
1422 1437 1799 1513 disrumpunt
1826 1437 2079 1515 speciem
2106 1440 2289 1496 tecto-

268 1513 508 1589 rio'rum.

131 1629 203 1681 (5)
215 1629 266 1669 1⁵
405 1610 414 1700 Ι
462 1619 553 1677 De
623 1616 954 1693 parietibus
1027 1619 1088 1677 et
1159 1617 1550 1693 apparatione
1614 1615 1943 1693 generatim
2004 1616 2289 1674 materiae

269 1727 489 1783 eorum,
525 1705 737 1783 quibus
775 1707 896 1766 sint
921 1705 1240 1765 virtutibus
1279 1709 1341 1765 et
1366 1705 1550 1781 vitiis,
1588 1704 2083 1781 quemadmodum
2116 1706 2285 1781 potui

271 1795 530 1871 exposui,
566 1796 638 1853 de
675 1794 1217 1872 contignationibus
1256 1797 1457 1854 autem
1494 1797 1557 1853 et
1593 1794 1777 1869 copiis
1815 1811 2035 1868 earum,
2074 1793 2284 1869 quibus

273 1886 687 1960 comparentur
720 1886 790 1941 ut
827 1883 904 1940 ad
931 1884 1290 1942 vetustatem
1321 1903 1443 1942 non
1470 1885 1591 1943 sint
1626 1881 1913 1958 infirmae,
1948 1883 2039 1940 uti
2074 1884 2290 1941 natura

271 1992 469 2033 rerum
512 1974 807 2032 monstrat
851 1971 1172 2047 explicabo.

103 2073 207 2127 (ιο)
217 2073 273 2115 20
411 2053 419 2143 Ι
445 2061 724 2119 Materies
761 2060 1057 2119 caedenda
1093 2062 1184 2119 est
1220 2078 1256 2118 a
1292 2062 1485 2136 primo
1523 2065 1807 2121 autumno
1845 2060 1921 2119 ad
1957 2059 2019 2118 id
2054 2063 2288 2137 tempus
2314 2070 2391 2125 lx

273 2150 432 2228 quod
487 2149 602 2209 erit
655 2151 977 2224 antequam
1029 2148 1174 2207 flare
1235 2148 1487 2225 incipiat
1546 2150 1839 2210 favonius.
1938 2168 2074 2208 vere
2134 2150 2291 2207 enim

274 2258 474 2300 omnes
513 2237 748 2298 arbores
783 2237 938 2296 fiunt
971 2240 1368 2315 praegnantes
1406 2240 1467 2296 et
1493 2257 1694 2298 omnes
1731 2256 1872 2298 suae
1908 2238 2292 2314 proprietatis

271 2329 558 2389 virtutem
590 2328 840 2386 efferunt
873 2327 938 2384 in
972 2325 1242 2385 frondem
1271 2328 1820 2403 anniversariosque
1850 2328 2095 2386 fructus.
2160 2345 2293 2385 cum

161 2428 253 2481 (15)
275 2436 414 2496 ergo
442 2418 648 2475 inanes
677 2418 737 2474 et
763 2415 1026 2474 tumidae
1053 2417 1390 2491 temporum
1416 2414 1765 2476 necessitate
1795 2434 1997 2474 eorum
2019 2407 2026 2497 Ι
2050 2416 2289 2490 fuerint,

191 2526 246 2567 25
273 2524 464 2567 vanae
524 2505 677 2564 fiunt
731 2506 792 2563 et
851 2503 1202 2563 raritatibus
1253 2503 1595 2580 inbecillae,
1656 2505 1748 2563 uti
1802 2505 1985 2563 etiam
2043 2522 2290 2581 corpora

273 2594 586 2655 muliebria
623 2612 758 2653 cum
794 2592 1187 2669 conceperint,
1223 2592 1300 2651 ad
1336 2594 1492 2653 fetus
1527 2597 1768 2670 partum
1803 2612 1922 2652 non
1957 2592 2296 2652 iudicantur

272 2686 525 2761 integra,
569 2702 761 2759 neque
801 2682 866 2740 in
900 2680 1208 2742 venalibus
1246 2700 1317 2741 ea
1355 2701 1489 2745 cum
1524 2684 1664 2741 sunt
1698 2682 2090 2758 praegnantia
2125 2701 2294 2758 prae-

275 2776 511 2832 stantur
555 2790 722 2850 sana,
765 2771 900 2830 ideo
949 2770 1105 2848 quod
1150 2770 1214 2828 in
1260 2789 1503 2847 corpore
1538 2770 1995 2847 praeseminatio
2033 2789 2293 2831 crescens

421 3019 448 3067 1
485 3011 706 3082 prosint
733 3012 787 3068 S.
828 3014 848 3082 ΙΙ
887 3016 922 3065 4
959 3010 1190 3082 gratic(t
1217 3010 1468 3080 S)iorum
1495 3008 1621 3067 HS.
1664 3012 1683 3080 ΙΙ
1726 3018 1756 3064 5
1795 3011 2076 3081 etiamque
2105 3012 2290 3068 Schw-

275 3084 450 3140 etiam
487 3083 586 3153 qui
620 3102 675 3139 x.
767 3084 945 3139 intus·
984 3082 1133 3137 inhis
1168 3100 1210 3137 ω
1245 3083 1404 3152 (cfip
1406 3086 1540 3149 .,55
1558 3085 1631 3152 8).
1679 3084 1698 3153 ΙΙ
1745 3088 1775 3136 7
1814 3082 2154 3138 sicciscendo
2188 3100 2244 3137 ω.

278 3161 346 3210 10
384 3102 571 3226 disgep
571 3154 656 3208 tio
757 3155 819 3210 S.
867 3156 1035 3224 desep
1037 3152 1118 3207 tio
1150 3154 1260 3224 G.{
1291 3099 1619 3207 faciundum
1647 3154 1732 3207 Η·
1778 3153 2099 3209 faciendum
2129 3153 2245 3210 GS.

279 3232 343 3280 11
374 3226 515 3281 alte.
533 3174 703 3281 paliae
741 3225 876 3301 (alie
908 3225 1036 3295 GS)
1063 3242 1106 3280 x
1131 3154 1260 3294 (del.¹
1285 3224 1383 3294 δῖ).
1418 3227 1426 3294 Ι
1459 3223 1534 3279 sit
1560 3224 1836 3279 intactum
1863 3243 1917 3280 x.
1947 3227 1965 3293 ΙΙ
1996 3230 2060 3277 12
2092 3223 2294 3279 obruta

273 3316 331 3353 x.
364 3302 374 3365 1
405 3297 659 3352 marcida
683 3316 737 3353 x.
766 3300 786 3366 ΙΙ
815 3243 879 3350 13
911 3294 1286 3351 subsidentia:
1323 3298 1405 3351 sic
1432 3297 1581 3366 (abl.)
1608 3313 1650 3350 ω
1676 3297 1765 3365 (cf.
1794 3300 1921 3356 200,
1941 3298 2014 3365 8).
2045 3297 2063 3365 ΙΙ
2093 3300 2158 3349 15
2196 3311 2295 3365 ap-

275 3368 558 3439 paritione
584 3386 639 3423 x.
678 3370 698 3438 ΙΙ
736 3373 800 3421 18
839 3372 1035 3437 con(06
1064 3368 1170 3437 S)p
1173 3369 1404 3421 arentur
1428 3365 1564 3422 HS.
1602 3369 1939 3437 coparantur
1969 3367 2035 3422 G.
2070 3369 2078 3436 Ι
2109 3368 2198 3421 ut:
2238 3368 2297 3421 et

277 3440 368 3510 (ἃ)
401 3458 457 3495 x.
513 3442 522 3508 Ι
571 3438 684 3493 sint
711 3439 846 3494 HS.
886 3441 1017 3492 sunt
1049 3439 1116 3494 G.
1170 3440 1190 3508 ΙΙ
1245 3443 1313 3492 24
1350 3437 1625 3493 tumidae.
1664 3437 1889 3491 umidae
1925 3439 2001 3510 (ἢ
2031 3437 2123 3508 Η)
2154 3438 2296 3506 HG,

276 3510 510 3637 hum-itde
538 3510 624 3564 Ηο
631 3510 686 3566 S.
729 3512 738 3579 Ι
778 3509 1145 3565 necessitates
1181 3527 1238 3565 x.
1292 3511 1312 3579 ΙΙ
1366 3514 1434 3563 26
1472 3508 1545 3563 ad
1581 3509 1727 3581 fae(e
1761 3509 1880 3576 GS,
1915 3523 1980 3563 oe
2009 3508 2095 3562 Hc
2106 3509 2197 3576 G⁰>
2202 3510 2294 3562 tus

277 3598 392 3653 apa
446 3599 484 3635 ιι
518 3599 573 3636 oe.
