2664 3927
745 175 840 230 DE
877 173 1437 230 ARCHITECTURA
1473 173 1605 229 LIB.
1642 174 1786 242 VIII,
1825 181 1857 228 3
2182 173 2303 237 191

290 343 399 400 per
458 325 736 384 raritates
789 325 1055 400 liquidae
1110 325 1428 402 potestatis
1482 325 1749 384 residunt
1804 328 1866 383 et
1917 326 2311 383 restituuntur

290 413 355 471 in
400 413 739 472 libramenti
783 415 1226 491 proprietatem.

425 500 630 561 Omnis
679 504 878 561 autem
925 523 1079 578 aqua
1116 503 1308 562 calida
1345 504 1479 562 ideo
1518 503 1754 579 quidem
1792 504 1882 560 est
1920 502 2308 560 medicamen-
2345 518 2381 565 4

183 603 272 653 (20)
295 582 442 672 {tosa
489 592 646 666 quod
683 592 746 648 in
782 592 983 666 pravis
1028 593 1201 650 rebus
1245 593 1520 668 percocta
1562 593 1744 650 aliam
1779 593 2064 650 virtutem
2098 591 2312 670 recipit

237 700 262 740 5
291 680 368 738 ad
429 699 617 740 usum.
727 700 981 756 namque
1045 681 1382 756 sulphurosi
1444 683 1638 740 fontes
1702 698 2017 739 nervorum
2080 679 2309 738 labores

288 768 562 828 reficiunt
597 770 1100 844 percalefaciendo
1141 771 1551 846 exurendoque
1581 770 1874 828 caloribus
1905 789 1934 828 e
1966 769 2310 844 corporibus

290 875 523 916 umores
568 858 831 916 vitiosos.
907 859 1220 917 aluminosi
1269 862 1483 934 autem,
1530 878 1665 917 cum
1709 859 2001 918 dissoluta
2046 857 2311 916 membra

292 964 608 1022 corporum
660 947 925 1022 paralysi
981 950 1086 1005 aut
1130 948 1240 1006 tali
1287 967 1409 1023 qua
1452 947 1515 1006 vi
1557 947 1747 1006 morbi
1799 949 2176 1024 receperunt,
2221 947 2310 1006 fo-

184 1047 272 1096 (25)
291 1035 482 1094 vendo
525 1030 533 1112 Ι
573 1055 682 1110 per
715 1037 988 1111 patentes
1025 1055 1204 1095 venas
1232 1036 1742 1112 refrigerationem
1772 1037 2068 1095 contraria
2096 1034 2309 1094 caloris

212 1146 266 1184 10
291 1125 354 1184 vi
399 1123 691 1200 reficiunt,
737 1127 797 1183 et
839 1124 950 1183 hoc
997 1125 1372 1184 continenter
1414 1125 1739 1183 restituunt
1786 1125 2095 1200 antiquam
2128 1144 2309 1183 mem-

149 1221 270 1278 194
288 1203 546 1293 111·οΙ111111
592 1213 1114 1273 conversationem.
1195 1213 1544 1272 bituminosi
1590 1216 1793 1271 autem
1836 1213 2137 1272 interioris
2184 1233 2310 1272 cor-

288 1301 450 1376 poris
494 1303 642 1360 vitia
687 1302 1028 1378 potionibus
1074 1302 1387 1379 purgando
1434 1303 1627 1361 solent
1670 1302 1907 1360 mederi.
1983 1304 2072 1360 est
2108 1305 2311 1360 autem

291 1408 480 1465 aquae
525 1391 778 1468 frigidae
825 1409 1012 1468 genus
1050 1392 1361 1465 nitrosum,
1405 1392 1497 1449 uti
1532 1391 1757 1449 Pinnae
1794 1391 2098 1465 Vestinae,
2144 1390 2309 1448 Cuti-

288 1479 404 1555 liiS,
452 1479 703 1555 aliisque
749 1481 894 1539 locis
942 1480 1248 1556 similibuS,
1297 1499 1451 1555 quae
1497 1479 1837 1556 potionibus
1876 1480 2169 1556 depurgat
2204 1499 2311 1555 per

144 1582 206 1634 (5)
223 1581 275 1622 15
292 1569 608 1644 alvumque
669 1561 1050 1652 transfleundo
1113 1570 1294 1628 etiam
1350 1572 1711 1628 strumarum
1763 1569 1980 1626 minuit
2031 1571 2308 1627 tumores.

289 1657 392 1715 ubi
427 1677 568 1718 vero
607 1678 817 1716 aurum
855 1661 1166 1734 argentum
1201 1659 1425 1716 ferrum
1464 1677 1561 1716 aes
1590 1657 1901 1734 plumbum
1927 1657 2310 1732 reliquaeque

288 1765 382 1804 res
443 1767 644 1805 earum
703 1747 924 1805 similes
983 1748 1320 1822 fodiuntur,
1378 1748 1573 1806 fontes
1631 1747 2016 1806 inveniuntur
2069 1747 2308 1822 copiosi,

290 1834 394 1892 sed
428 1836 493 1892 hi
527 1835 781 1894 maxime
819 1838 960 1894 sunt
995 1836 1216 1894 vitiosi.
1269 1835 1493 1894 habent
1528 1836 1703 1910 enim,
1738 1836 1833 1894 uti
1861 1854 2052 1910 aquae
2082 1835 2309 1893 calidae

292 1922 542 1999 sulphur
605 1924 842 1983 alumen
903 1923 1170 1984 bitumen
1492 1925 1811 2001 eademque
1875 1944 1981 2000 per
2037 1925 2311 2001 potiones

125 2027 428 2078 annocum
489 2012 554 2070 in
618 2030 829 2089 corpus
892 2014 1029 2071 iniit
1091 2017 1152 2073 et
1212 2033 1320 2089 per
1360 2010 1368 2092 Ι
1409 2032 1591 2073 venas
1644 2014 2045 2090 permanando
2099 2032 2311 2073 nervos

293 2100 542 2177 attingit
595 2104 656 2159 et
711 2105 903 2176 artuS,
958 2120 1056 2161 eos
1103 2103 1280 2161 durat
1323 2103 1603 2162 inflando.
1695 2103 1883 2180 igitur
1926 2102 2094 2163 nervi
2138 2103 2309 2160 infla-

290 2190 454 2248 tione
525 2192 830 2267 turgentes
904 2210 934 2249 e
998 2192 1370 2269 longitudine
1434 2192 1867 2251 contrahuntnr
1931 2196 1991 2250 et
2050 2192 2139 2249 ita
2204 2194 2309 2250 aut

289 2278 558 2337 nervicos
615 2282 722 2337 aut
773 2280 1122 2357 podagricos
1179 2280 1447 2339 efficiunt
1499 2281 1791 2355 homines,
1845 2280 1978 2339 ideo
2034 2282 2193 2356 quod
2238 2300 2311 2339 ex

291 2362 624 2426 durissimis
690 2371 750 2426 et
801 2369 1174 2444 spissioribus
1227 2369 1745 2446 frigidissimisque
1798 2370 1971 2429 rebus
2025 2370 2309 2428 intinctas

126 2457 517 2522 (15)25habent
550 2476 837 2515 venarum
870 2458 1162 2517 raritates.
1237 2478 1427 2533 aquae
1466 2461 1664 2518 autem
1700 2459 1921 2534 species
1960 2461 2067 2533 est,
2108 2454 2115 2536 Ι
2157 2478 2309 2534 quae

289 2564 428 2604 cum
470 2544 689 2603 habeat
731 2566 851 2605 non
887 2546 1031 2605 satis
1066 2546 1521 2623 perluciditatiS,
1568 2567 1638 2606 ex
1680 2548 1813 2624 ipsa
1855 2547 1951 2605 uti
1992 2548 2101 2607 flos
2136 2550 2311 2607 natat

433 2739 464 2785 2
509 2732 854 2803 proprietate
889 2751 943 2788 x.
999 2736 1017 2804 ΙΙ
1073 2740 1104 2786 3
1142 2732 1395 2801 quidem.
1441 2734 1593 2802 quod
1626 2752 1683 2789 x.
1737 2736 1756 2804 ΙΙ
1808 2740 1844 2787 4
1888 2734 2077 2803 pravis
2116 2737 2233 2805 (sic)
2268 2754 2311 2791 :c

290 2806 540 2875 (ἀτόποις
569 2804 731 2873 Gal..)
779 2806 798 2873 ΙΙ
843 2810 876 2857 8
914 2808 1015 2857 aut
1051 2804 1245 2873 aliqua
1279 2824 1320 2860 x
1358 2807 1480 2873 (aut
1513 2804 1620 2859 tali
1657 2803 1849 2873 aliqua
1876 2805 2155 2873 Detlefsen
2188 2808 2307 2861 coll.

293 2876 446 2929 Ptin.
477 2878 564 2943 31,
587 2879 660 2929 59
695 2874 868 2929 simili
902 2876 1102 2945 modo).
1155 2878 1172 2946 ΙΙ
1223 2882 1254 2929 9
1291 2876 1715 2946 refrigeratione
1750 2894 1805 2931 x.
1849 2878 1857 2945 Ι
1899 2877 2111 2931 calores
2148 2877 2209 2931 ui
2240 2878 2309 2947 G,

292 2963 476 3017 calore
507 2963 594 3016 sui
621 2964 692 3018 H
695 2963 738 3019 S
744 2964 814 3018 Ε
843 2966 865 3033 ΙΙ
892 2970 956 3017 10
984 2964 1265 3046 recipiunt
1293 2964 1347 3019 S.
1380 2968 1389 3030 Ι
1421 2964 1792 3019 restituuntur
1820 2968 1859 3035 (-
1841 2950 2007 3035 -‘t⁷·)
1990 2984 2051 3019 111
2080 2969 2193 3021 ant.
2214 2986 2269 3022 x.
2294 2968 2305 3039 Ι

294 3040 358 3088 11
391 3034 870 3104 curationemoe(i.
891 3052 932 3089 e
951 3034 1302 3089 cusationem
1331 3037 1748 3107 cfip.189,12).
1777 3039 1795 3106 ΙΙ
1825 3042 1891 3091 13
1919 3038 1987 3105 cf.
2017 3040 2081 3093 de
2109 3041 2310 3121 (aquis)

289 3106 632 3160 Albensibus
661 3114 713 3162 et
736 3106 987 3160 Vestinis
1014 3106 1390 3161 Pinnensibus
1418 3108 1577 3163 Rhet.
1607 3108 1683 3162 ad
1709 3108 1843 3163 Her.
1864 3121 1929 3169 ΙΙ,
1956 3112 2049 3163 28.
2078 3111 2097 3179 ΙΙ
2127 3116 2192 3162 18
2222 3109 2309 3163 uti

293 3193 497 3245 aquae:
535 3176 680 3230 vitia
716 3194 896 3246 aquae
932 3196 987 3231 x.
1025 3181 1044 3249 ΙΙ
1083 3184 1148 3231 19
1185 3179 1304 3233 sine
1338 3178 1463 3233 albo
1498 3196 1556 3246 ω,
1590 3180 1706 3233 scil.
1744 3178 2031 3233 bitumen.
2053 3180 2309 3233 eaedem-

292 3264 401 3315 que
448 3248 790 3329 (Eaedemque
818 3250 886 3319 S)
913 3249 1043 3317 HS,
1086 3248 1358 3303 bitumen.
1384 3248 1498 3321 {Ea
1540 3220 1783 3318 'denique
1824 3251 1876 3305 G-
1910 3251 2025 3319 (Eae
2071 3251 2311 3317 demque

297 3319 420 3386 GC),
471 3318 768 3375 bitumen.
796 3320 1126 3389 haedenique
1165 3321 1238 3374 Ε.
1312 3322 1383 3387 cf.
1422 3322 1675 3402 &Pp-1,
1711 3326 1817 3377 534
1853 3322 2041 3390 Lips„
2094 3321 2306 3376 OribaS.

291 3400 332 3448 Ι,
351 3393 462 3443 330
489 3390 620 3444 Par.
649 3392 670 3459 ΙΙ
699 3395 766 3443 20
792 3390 926 3444 iniit
953 3393 1022 3446 H
1025 3392 1069 3447 S
1077 3391 1214 3459 EG
1249 3392 1343 3445 sed
1378 3390 1485 3445 init
1512 3392 1607 3446 ΕΟ.
1635 3395 1657 3463 ΙΙ
1683 3399 1750 3445 22
1778 3394 2069 3461 turgentes
2098 3408 2129 3445 e
2159 3391 2221 3445 Ε
2228 3392 2307 3447 G'·

289 3462 554 3529 turgente
591 3477 650 3515 se
679 3462 747 3515 H
752 3461 805 3516 S
861 3465 880 3532 ΙΙ
935 3468 1002 3516 24
1039 3462 1086 3517 a
1122 3464 1201 3533 (et
1227 3462 1739 3533 EG)spissionibus
1767 3466 1889 3535 (sic)
1914 3480 1969 3517 ω.
2016 3465 2034 3533 ΙΙ
2080 3469 2147 3517 26
2184 3480 2307 3533 per-

289 3530 510 3584 lucidas
545 3550 584 3585 x
619 3534 776 3602 (corr.
816 3533 1048 3605 Ussiny).
1100 3538 1108 3606 Ι
1159 3550 1250 3588 ex:
1289 3533 1337 3587 δῦ
1370 3552 1425 3590 x.
