2664 3927
828 214 925 267 DE
964 212 1522 269 ARCHITECTURA
1557 214 1688 267 LIB.
1728 214 1848 283 Vn,
1887 220 1918 267 3
2261 213 2388 279 165

372 364 791 422 sustineantur.
896 364 989 423 sin
1051 367 1252 423 autem
1313 364 1661 423 harundinis
1725 382 1972 441 graecae
2037 364 2208 440 copia
2269 384 2390 423 non

374 453 503 528 erit,
550 452 621 511 de
666 452 982 528 paludibus
1023 456 1228 512 tenues
1266 453 1627 530 colligantur
1663 455 1723 510 et
1757 455 1997 511 mataxa
2034 456 2140 511 aut
2175 455 2390 513 tomice

262 552 353 606 (20)
374 541 450 600 ad
513 542 734 600 iustam
796 542 1228 618 longitudinem
1290 562 1411 600 una
1452 536 1460 620 Ι
1502 541 1890 601 crassitudine
1945 541 2390 617 alligationibus

370 634 794 707 temperentur,
848 631 990 688 dum
1043 650 1116 688 ne
1172 631 1305 705 plus
1362 632 1519 689 inter
1573 630 1718 689 duos
1772 630 1958 689 nodos
2014 630 2390 706 alligationes

319 740 345 779 5
370 718 541 778 binos
586 719 764 794 pedes
810 719 1047 793 distent,
1095 721 1157 777 et
1202 737 1304 778 eae
1353 719 1428 778 ad
1475 738 1716 796 asseres,
1761 721 1852 778 uti
1889 737 2068 795 supra
2107 719 2392 794 scriptum

371 811 480 883 est,
525 808 741 865 tomice
784 807 1111 884 religentur
1148 808 1494 883 cultellique
1537 808 1721 885 lignei
1767 810 1831 866 in
1869 827 1967 867 eas
2005 807 2390 885 configantur.

373 900 568 955 cetera
615 896 815 954 omnia
859 896 949 954 uti
995 914 1173 971 supra
1211 896 1497 972 scriptum
1534 900 1624 955 est
1661 898 2063 973 expediantur.
2137 897 2388 955 camaris

263 996 352 1047 (2⁵)
372 984 674 1059 dispositis
738 986 799 1043 et
860 984 1129 1058 intextis,
1192 984 1378 1042 imum
1442 976 1690 1066 caellum
1749 1004 1952 1043 earum
2012 986 2392 1061 trullissetur,

372 1072 582 1131 deinde
653 1073 875 1131 harena
948 1073 1265 1151 dirigatur,
1339 1075 1548 1148 postea
1611 1076 1811 1132 autem
1875 1077 2034 1135 creto
2099 1094 2390 1133 marmore

218 1172 225 1183 '
292 1183 347 1222 10
372 1162 651 1235 poliatur.

235 1260 347 1315 167
510 1242 517 1331 Ι
560 1248 709 1308 Cum
754 1269 1025 1309 camarae
1077 1250 1303 1327 politae
1350 1250 1597 1325 fuerint,
1653 1249 1762 1308 sub
1811 1268 1909 1309 eas
1957 1267 2206 1310 coronae
2253 1255 2392 1310 sunt

371 1337 762 1415 subiciendae,
810 1358 957 1415 quas
1002 1340 1257 1398 maxime
1300 1342 1508 1398 tenues
1556 1342 1616 1397 et
1661 1336 1904 1397 subtiles
1947 1341 2218 1414 oportere
2262 1340 2390 1398 fieri

370 1426 680 1487 videbitur.
744 1447 880 1487 cum
917 1429 1074 1487 enim
1112 1428 1364 1506 grandes
1402 1430 1556 1502 sunt,
1591 1426 1848 1504 pondere
1880 1426 2250 1485 deducuntur
2284 1447 2392 1486 nec

364 1520 613 1592 possunt
674 1537 737 1577 se
800 1519 1105 1577 sustinere.
1205 1518 1269 1576 in
1331 1516 1541 1592 hisque
1604 1515 1847 1574 minime
1906 1535 2161 1593 gypsum
2215 1515 2392 1574 debet

238 1597 718 1687 (⁵)15ad1misceri‚
766 1607 869 1665 sed
914 1626 983 1664 ex
1029 1609 1189 1665 creto
1233 1624 1526 1663 marmore
1571 1623 1690 1663 uno
1736 1608 1939 1663 tenore
1983 1604 2256 1687 perduci,
2300 1605 2391 1662 uti

370 1714 445 1753 ne
490 1695 905 1771 praecipiendo
951 1714 1071 1753 non
1114 1695 1386 1770 patiatur
1429 1714 1546 1753 uno
1603 1697 1806 1752 tenore
1854 1712 2001 1769 opus
2047 1695 2392 1752 inarescere.

372 1784 670 1859 etiamque
708 1783 1003 1843 cavendae
1040 1786 1178 1842 sunt
1214 1784 1278 1841 in
1315 1783 1566 1841 camaris
1603 1783 1931 1859 priscorum
1958 1782 2393 1857 dispositioneS,

375 1872 531 1946 quod
578 1891 782 1930 earum
825 1872 1116 1948 planitiae
1163 1890 1512 1931 coronarum
1556 1866 1864 1950 (figurae)
1909 1872 2080 1949 gravi
2134 1871 2391 1946 pondere

371 1960 757 2036 inpendentes
805 1963 944 2021 sunt
990 1962 1374 2038 periculosae.
1466 1979 1715 2021 coronae
1763 1965 1962 2019 autem
2007 1965 2145 2020 sunt
2191 1954 2388 2039 <aliae

214 2060 364 2111 (ωηο
373 2045 601 2127 purae>
644 2050 799 2108 aliae
854 2041 1153 2132 caellatae.
1244 2050 1618 2111 conclavibus
1675 2053 1876 2109 autem
1927 2049 2031 2108 ubi
2083 2050 2238 2126 ignis
2285 2052 2392 2108 aut

372 2139 546 2214 plura
598 2139 825 2196 lumina
880 2142 1019 2197 sunt
1070 2139 1371 2215 ponenda,
1432 2159 1616 2214 purae
1669 2138 1800 2198 fieri
1853 2139 2094 2212 debent,
2158 2141 2227 2196 ut
2285 2155 2389 2196 eae

370 2228 607 2286 facilius
654 2230 1084 2304 extergeantur.
1164 2229 1228 2286 in
1274 2228 1516 2287 aestivis
1564 2232 1625 2286 et
1671 2228 1956 2302 exhedris,
2001 2228 2103 2286 ubi
2147 2226 2390 2285 minime

370 2317 569 2374 fumus
633 2319 725 2376 est
784 2335 890 2375 nec
951 2317 1153 2393 fuligo
1204 2319 1406 2393 potest
1467 2325 1704 2390 nocere,
1774 2316 1859 2374 ibi
1923 2318 2187 2376 caelatae
2251 2319 2392 2374 sunt

369 2405 695 2490 faciendae,
793 2424 1023 2481 semper
1076 2406 1232 2464 enim
1296 2405 1498 2463 album
1557 2423 1703 2480 opus
1756 2409 2004 2482 propter
2054 2404 2391 2481 superbiam

216 2505 361 2557 (1⁵)25
372 2477 644 2554 candoris
680 2512 800 2552 non
835 2493 1010 2554 modo
1048 2513 1117 2550 ex
1152 2495 1409 2570 propriis
1446 2494 1546 2553 sed
1588 2489 1596 2572 Ι
1637 2495 1822 2552 etiam
1859 2495 2067 2553 alienis
2107 2493 2388 2552 aedificiis

374 2584 633 2658 concipit
677 2584 921 2640 fumum.

507 2672 750 2731 Coronis
787 2671 1095 2746 explicatis
1122 2671 1380 2747 parietes
1412 2690 1592 2746 quam
1619 2672 1941 2746 asperrime
1968 2672 2388 2746 trullissentur,
2429 2681 2452 2698 ⁹

514 2864 545 2911 2
574 2858 797 2912 tenues:
825 2860 903 2913 sic
923 2876 977 2912 x.
1014 2861 1021 2924 Ι
1054 2856 1395 2927 colligantur
1414 2858 1488 2926 G-j:
1518 2859 1712 2927 ·gatur
1737 2857 1806 2912 H
1809 2857 1862 2913 S
1895 2862 1905 2918 1
1936 2860 2198 2912 mataxae
2227 2861 2267 2928 (-
2271 2874 2302 2913 e
2323 2858 2390 2927 S)

370 2929 612 2984 tomicae
642 2931 683 2998 (-
664 2945 733 2982 -ae
755 2928 821 2999 S)
847 2946 889 2983 x
917 2933 1074 3013 (corr.
1102 2928 1390 2984 Schneider
1417 2930 1490 2983 ad
1518 2929 1662 2983 Pan.
1685 2946 1743 2998 p.
1763 2931 1873 2998 21).
1903 2931 1921 2999 ΙΙ
1948 2935 1982 2982 4
2010 2930 2150 2985 duos
2183 2931 2258 2985 6.
2287 2945 2388 2983 uos

372 3001 453 3068 H,
490 3019 562 3055 ..11
567 3017 627 3054 os
666 3001 783 3069 (ubi
820 3019 891 3055 ..11
928 3002 993 3055 in
1026 3002 1157 3069 ras.)
1191 2999 1317 3066 861
1360 2998 1718 3070 alligationes
1747 3001 1835 3081 (=
1866 2999 2021 3068 mis).
2063 2999 2251 3054 ·nibus
2287 3018 2342 3055 x.
2371 2999 2391 3071 ΙΙ

374 3076 406 3124 5
444 3087 544 3126 eae
581 3077 707 3126 ante
742 3074 845 3140 ips.
884 3088 1021 3126 corr.
1052 3070 1117 3125 S:
1154 3069 1261 3124 hae
1292 3070 1361 3124 H
1369 3070 1544 3140 GOE«)
1575 3072 1594 3140 ΙΙ
1624 3078 1654 3123 6
1691 3069 1932 3125 tomicae
1962 3072 2041 3140 H,
2078 3087 2164 3126 —ce
2196 3072 2248 3127 G
2280 3074 2389 3142 (ως

376 3143 488 3212 66),
516 3141 718 3196 tonicae
740 3141 819 3197 86.
848 3145 867 3211 ΙΙ
896 3148 927 3196 9
956 3141 1245 3213 derigatur
1270 3159 1324 3195 x.
1361 3142 1368 3210 Ι
1403 3143 1578 3196 creto:
1610 3144 1763 3196 creta
1792 3144 1999 3212 autam
2002 3145 2103 3212 111
2135 3145 2280 3210 (item
2303 3145 2389 3211 17)

372 3229 627 3268 camerae
663 3215 793 3280 512.ss
850 3219 915 3266 12
953 3229 1116 3282 quas:
1158 3227 1329 3281 quam
1366 3214 1506 3294 (qua
1532 3212 1660 3282 GS)
1642 3215 1750 3282 )oe.
1798 3213 1806 3279 1
1853 3145 2077 3267 subtilis
2113 3212 2282 3282 HS(
2283 3212 2389 3266 -les

376 3285 464 3354 G).
518 3285 539 3354 ΙΙ
594 3290 660 3339 14
704 3283 909 3353 inhisq3
949 3284 1017 3339 H
1056 3286 1213 3354 (-que
1251 3283 1344 3354 S).
1391 3282 1539 3337 inhis
1571 3285 1580 3353 Ι
1611 3300 1721 3352 quo
1762 3283 1826 3366 G
1860 3287 2062 3424 {supra
2089 3287 2114 3335 1
2151 3299 2184 3356 e
2224 3215 2334 3352 66).

376 3361 441 3408 15
480 3371 548 3409 ex
584 3358 761 3411 creto.
801 3356 1032 3425 excepto
1068 3357 1172 3425 515.ss
1201 3359 1267 3408 18
1306 3370 1634 3409 coronarum
1669 3355 1830 3425 gravi
1866 3357 1985 3424 (.om
2024 3354 2328 3423 figurae)

376 3430 441 3479 19
497 3426 824 3481 coronarum
880 3427 1070 3480 autem
1102 3429 1254 3479 'sunt
1306 3425 1520 3496 figurae
1575 3432 1680 3500 ster
1739 3426 1868 3496 GS)
1925 3424 2072 3479 aliae
2129 3427 2168 3494 (-
2175 3443 2206 3496 9
2264 3426 2316 3481 G

375 3499 559 3565 cae(ce
586 3496 809 3621 1831*oe
846 3499 945 3567 (-tc
986 3499 1118 3565 H,
1212 3497 1342 3566 GS)
1377 3513 1432 3551 oe.
1476 3499 1494 3567 ΙΙ
1535 3503 1599 3550 21
1638 3513 1776 3566 pure
1805 3496 1868 3552 S:
1899 3512 2048 3582 pura
2077 3495 2217 3552 HG.
2262 3503 2270 3568 Ι
2312 3511 2389 3550 eae

376 3565 460 3622 86.
490 3584 557 3621 ea
659 3569 707 3623 G
737 3574 787 3623 et
814 3574 938 3623 ante
964 3585 1098 3624 corr.
1164 3570 1235 3638 .·ΙΙ
1246 3573 1317 3621 22
1349 3567 1564 3622 exedris
1594 3569 1646 3623 S.
1677 3570 1694 3637 ΙΙ
1724 3573 1788 3620 27
1819 3584 1930 3636 qua
1963 3568 2086 3624 68.
2117 3584 2282 3636 quem
2312 3565 2387 3619 H.
