2664 3927
366 175 495 240 288
700 136 711 157 '
1018 173 1093 228 Μ.
1132 171 1295 228 cnm
1330 169 1730 228 FAvnNTmI

365 345 639 386 occasum
680 342 788 385 vas
841 325 1183 400 plumbeum
1236 327 1344 383 aut
1388 343 1636 383 aeneum
1689 323 1980 382 mundum
2021 324 2386 384 intrinsecus

368 407 751 498 {perunctum
795 415 925 473 oleo
968 414 1034 472 in
1084 413 1269 472 imam
1319 414 1614 474 fossuram
1673 413 1974 472 inversum
2027 413 2391 488 conlocetur,
2412 424 2506 476 (ἑο)

364 523 663 580 supraque
705 505 1000 564 fossuram
1042 502 1349 562 frondibus
1385 503 1481 561 vel
1523 501 1952 562 harundinibus
1987 502 2182 562 missis
2217 505 2393 561 terra

365 594 695 652 inducatur.
794 593 938 651 item
1002 592 1122 650 alia
1186 590 1280 650 die
1345 590 1675 667 aperiatur,
1737 594 1799 650 et
1861 591 1914 650 si
1947 591 2214 650 sudores
2277 595 2394 650 ant

366 682 562 741 stillae
600 682 666 748 in,
698 700 841 741 vaso
877 680 1267 756 invenientur,
1303 679 1360 739 is
1392 680 1559 740 locus
1593 679 1719 738 sine
1757 679 2126 738 dubitatione
2163 699 2395 756 aquam
2425 699 2454 740 5

364 769 624 830 habebit.
709 771 856 828 item
900 769 952 828 si
996 787 1101 828 vas
1148 787 1219 828 ex
1264 771 1428 827 creta
1472 769 1690 828 siccum
1734 786 1854 827 non
1898 771 2131 828 coctum
2175 768 2394 828 eadem

364 860 595 918 ratione
658 849 938 940 p01situm
1000 860 1062 916 et
1126 861 1398 934 opertum
1458 857 1666 932 fuerit,
1728 857 1779 917 si
1833 857 1887 916 is
1939 857 2104 938 locus
2165 877 2395 934 aquam
2415 867 2507 919 (25)

366 948 633 1021 habebit,
696 947 817 1005 alia
870 947 965 1004 die
998 947 1124 1006 'vas
1170 965 1376 1005 umore
1431 946 1690 1006 solutum
1742 945 2090 1004 invenietur.
2190 947 2392 1006 vellus

366 1037 539 1095 lanae
587 1036 861 1095 similiter
902 1035 968 1094 in
1005 1053 1073 1093 eo
1117 1035 1248 1095 loco
1283 1035 1550 1111 positum
1586 1035 1637 1094 si
1673 1038 1913 1093 tantum
1945 1035 2170 1094 umoris
2207 1035 2391 1094 colle-

368 1126 523 1202 gerit
580 1128 647 1183 ut
702 1125 823 1182 alia
876 1125 972 1183 die
1026 1125 1277 1200 exprimi
1319 1124 1538 1206 possit,
1589 1143 1868 1201 magnam
1913 1124 2144 1200 copiam
2190 1141 2392 1199 aquae
2425 1143 2480 1182 ιο

367 1215 565 1273 locum
606 1213 822 1272 habere
868 1213 1177 1290 significat.
1257 1214 1499 1272 lucerna
1543 1213 1720 1288 plena
1765 1213 1895 1271 oleo
1938 1213 2180 1272 incensa
2225 1212 2279 1272 si
2325 1213 2395 1271 in

368 1303 574 1362 eodem
627 1302 757 1362 loco
812 1303 1087 1362 similiter
1140 1302 1427 1378 adoperta
1480 1302 1544 1359 in
1583 1294 1590 1382 Ι
1633 1302 1754 1359 alia
1806 1301 1902 1360 die
1956 1301 2158 1360 lucens
2203 1302 2395 1360 fuerit
2415 1311 2504 1361 (30)

366 1393 637 1466 inventa,
698 1391 988 1450 indicabit
1050 1410 1187 1449 eum
1247 1391 1443 1449 locum
1495 1409 1714 1466 aquam
1765 1389 2008 1466 habere,
2069 1392 2392 1466 propterea

371 1481 529 1557 quod
584 1480 772 1538 omnis
826 1480 991 1538 calor
1034 1478 1112 1536 ad
1156 1497 1217 1538 se
1262 1479 1450 1539 trahit
1499 1473 1829 1556 umorem}
1869 1479 2016 1538 item
2067 1480 2132 1537 in
2177 1479 2390 1538 eodem
2411 1487 2520 1541 291

369 1571 499 1630 loco
546 1569 597 1628 si
640 1570 839 1628 focum
890 1568 1097 1627 feceris
1154 1570 1214 1626 et
1255 1569 1548 1644 vaporata
1605 1570 1766 1626 terra
1819 1567 2086 1626 umidum
2136 1567 2388 1627 nebulo-
2422 1585 2474 1626 15

369 1677 617 1734 sumque
650 1658 886 1724 ⁴fumum
936 1656 1327 1733 suscitaverit,
1375 1656 1634 1716 ostendit
1667 1657 1864 1715 locum
1901 1675 2118 1732 aquam
2151 1657 2389 1716 habere.

372 1767 508 1806 cum
552 1747 696 1805 haec
740 1746 828 1804 ita
871 1745 1093 1804 fuerint
1136 1748 1374 1821 reperta
1421 1746 1596 1804 certis
1643 1745 1826 1822 signis
1840 1791 1855 1820 ,
1899 1745 1963 1802 in
2010 1745 2392 1804 altitudinem

371 1837 539 1912 putei
592 1833 928 1894 defodiendi
974 1837 1145 1894 erunt
1198 1851 1508 1910 quousque
1564 1835 1743 1910 caput
1787 1852 1982 1910 aquae
2026 1825 2391 1916 invelniatur
2409 1843 2468 1894 (5)

373 1927 478 1984 aut
522 1925 573 1984 si
617 1924 792 2001 plura
836 1925 1061 1983 fuerint
1102 1923 1167 1982 in
1210 1943 1396 1982 unum
1441 1923 1813 2001 colligantur.
1887 1923 2140 1983 maxime
2185 1925 2390 1983 tamen

371 2014 480 2072 sub
540 2014 839 2072 radicibus
903 2014 1196 2072 montium
1256 2013 1321 2071 in
1389 2014 1630 2090 regione
1702 2013 2148 2088 septentrionali
2213 2013 2388 2090 signa
2419 2032 2470 2070 πο

373 2120 564 2177 aquae
611 2105 750 2160 sunt
796 2102 1145 2176 quaerenda.
1226 2102 1291 2159 in
1335 2102 1427 2159 his
1475 2103 1632 2160 enim
1673 2102 1820 2161 locis
1867 2120 2076 2161 suaves
2123 2103 2183 2160 et
2228 2102 2385 2161 salu-

371 2191 503 2249 bres
550 2192 611 2249 et
654 2189 1112 2249 abundantiores
1154 2191 1553 2265 inveniuntur,
1600 2192 1880 2266 quoniam
1919 2192 2168 2249 naturae
2212 2190 2387 2249 bene-

371 2279 505 2338 ficio
561 2298 597 2337 a
651 2278 791 2337 solis
857 2296 1029 2337 cursu
1092 2281 1442 2355 separantur
1495 2280 1555 2337 et
1609 2279 1884 2337 arborum
1939 2281 2042 2338 aut
2093 2280 2388 2337 monfium

372 2367 595 2427 umbris
636 2362 644 2446 Ι
685 2368 918 2426 velatae
953 2368 1173 2445 frigida
1209 2368 1408 2445 gratia
1442 2370 1687 2443 aestate,
1731 2368 1976 2426 hiberno
2012 2368 2216 2443 tepida
2252 2387 2384 2427 sua-
2405 2376 2492 2428 (1⁰)

374 2458 563 2517 vitate
608 2457 917 2531 profluent.
2415 2474 2470 2515 25

316 2594 339 2632 f
390 2615 407 2623 -
564 2546 637 2604 In
662 2548 978 2622 puteorum
996 2548 1197 2605 autem
1222 2545 1580 2605 fossionibus
1607 2545 1921 2621 diligenter
1947 2547 2040 2603 est
2065 2545 2390 2605 cavendum

110 2598 325 2711 ξῗέἷιῗῑῖῗιι,
336 2605 406 2685 οἷ)
433 2654 505 2694 ne
550 2634 911 2694 fodientibus
956 2634 1284 2710 periculum
1327 2633 1452 2709 fiat,
1497 2635 1780 2710 quoniam
1825 2653 1895 2692 ex
1939 2637 2100 2693 terra
2144 2633 2388 2710 sulphur

110 2702 373 2812 εξξζῗζ
429 2725 665 2783 alumen
728 2727 789 2783 et
832 2724 1098 2794 bitumen
1142 2723 1430 2798 nascitur,
1493 2742 1644 2799 quae
1689 2741 1782 2781 res
1836 2742 1969 2782 cum
2021 2724 2084 2781 in
2138 2741 2200 2781 se
2253 2740 2388 2781 con-

131 2824 261 2876 (Palk
288 2802 327 2876 θ’,
347 2825 402 2876 9)·
429 2814 699 2872 venerint
740 2808 747 2891 Ι
786 2813 1099 2889 pestiferos
1127 2812 1376 2888 spiritus
1404 2812 1698 2871 emittunt.
1765 2814 1824 2870 et
1859 2812 2048 2887 primo
2087 2810 2387 2887 occupatis
2409 2821 2494 2873 (1⁵)
2600 2806 2601 2819 ²

378 2902 619 2961 naribus
672 2904 829 2960 tetro
884 2902 1061 2960 odore
1115 2900 1447 2975 reprimunt
1510 2901 1738 2959 animas
1793 2900 2158 2976 corporibuS,
2225 2902 2285 2959 et
2339 2902 2390 2959 si
2419 2920 2474 2960 ιο

378 3009 499 3050 non
560 2990 699 3049 inde
762 2990 879 3049 cito
942 2990 1208 3067 fugerint
1268 2990 1513 3049 celerius
1576 2990 1924 3047 moriuntur.
2024 2990 2138 3048 hoc
2192 2991 2394 3047 autem

380 3079 603 3137 malum
664 3079 1017 3153 ubicumque
1088 3078 1272 3137 fuerit
1341 3080 1454 3137 hac
1514 3078 1744 3137 ratione
1807 3078 2040 3137 vitabis.
2147 3077 2393 3137 lucerna

382 3186 627 3227 accensa
670 3167 734 3226 in
780 3187 848 3227 eo
892 3168 1022 3227 loco
1069 3167 1432 3225 demittatur.
1508 3186 1657 3242 quae
1695 3166 1747 3225 si
1791 3166 2001 3226 ardens
2043 3167 2396 3226 remanserit
2600 3238 2601 3245 ἵ

383 3255 507 3314 sine
542 3256 807 3332 periculo
837 3255 1165 3315 descendes
1239 3256 1398 3332 quod
1435 3257 1486 3315 si
1525 3251 1534 3334 Ι
1575 3258 1843 3332 ereptum
1869 3256 1925 3314 ei
1960 3256 2160 3313 lumen
2191 3256 2393 3330 fuerit,
2412 3266 2496 3316 (2⁰)

384 3344 711 3403 cavendum
774 3346 888 3404 erit
946 3364 1021 3403 ne
1084 3346 1147 3403 in
1202 3363 1269 3404 eo
1324 3346 1456 3405 loco
1511 3345 1912 3404 descendatur.
2011 3344 2112 3404 sed
2167 3344 2214 3402 si
2273 3344 2394 3403 alio
2421 3364 2472 3405 ³5

384 3431 526 3489 loco·
580 3452 735 3508 aqua
796 3453 915 3493 non
976 3434 1335 3509 invenietur,
1399 3435 1616 3493 dextra.
1659 3452 1728 3493 ac
1783 3434 2021 3493 sinistra
2073 3450 2262 3508 usque
2317 3433 2394 3492 ad

386 3517 805 3579 libramentum
840 3541 1031 3598 aquae
1067 3524 1229 3598 putei
1268 3523 1575 3583 fodiantur
1609 3526 1670 3583 et
1703 3542 1811 3600 per
1845 3525 2200 3583 structuram
2235 3520 2392 3581 fora·
