2664 3927
412 169 543 233 252
1256 169 1586 224 VITRUVII

409 318 500 376 ita
555 318 621 376 in
677 318 990 397 phalangis
1051 323 1111 378 et
1167 320 1322 397 iugis
1384 339 1517 378 cum
1570 320 1634 377 in
1686 320 1879 379 medio
1932 321 2063 379 lora
2116 339 2237 379 non
2293 325 2435 380 sunt

411 407 720 466 conlocata
779 409 881 467 sed
938 409 1001 466 in
1059 427 1180 467 una
1236 411 1435 484 parte,
1496 427 1614 484 qua
1671 409 2047 486 progreditur
2102 410 2301 468 lorum
2355 410 2434 468 ab
2628 467 2647 497 u

415 487 425 577 Ι
455 496 650 556 medio
694 516 876 554 unam
918 497 1256 557 breviorum
1299 497 1553 556 alteram
1598 497 1781 556 efficit
1814 501 2048 574 partem
2082 499 2432 576 longiorem.
2454 511 2542 562 (10)
2645 529 2646 532 ¹

412 603 482 642 ea
544 585 775 644 ratione
839 587 890 645 si
951 605 1058 661 per
1117 585 1183 644 id
1240 588 1533 661 centrum,
1598 605 1715 662 quo
1767 587 1883 646 loci
1937 587 2286 663 perductum
2340 592 2434 647 est

411 674 622 747 lorum,
668 677 921 749 utraque
963 674 1164 750 capita
1199 675 1689 752 circumagentur,
1733 674 1969 753 longior
2002 694 2141 752 pars
2178 677 2430 752 amplio·
2462 697 2488 736 5

342 775 373 823 9
409 781 536 820 rem
590 762 824 821 brevior
866 763 1151 822 minorem
1200 766 1341 840 aget
1384 763 1842 823 circinationem.
1936 764 2436 840 quemadmodum

412 869 551 909 vero
607 851 866 910 minores
910 854 1077 910 rotae
1123 852 1392 910 duriores
1438 856 1498 911 et
1544 851 1904 911 difficiliores
1948 852 2170 912 habent
2214 857 2434 930 motuS‚

412 939 494 1012 sio
547 931 902 1021 phallangae
949 934 1018 999 'et
1062 940 1205 1016 iuga
1247 940 1312 998 in
1359 940 1571 1016 quibus
1615 940 1885 1016 partibus
1929 941 2152 1001 habent
2196 942 2433 1001 minora
2452 953 2542 1006 (15)

411 1045 448 1084 a
492 1031 692 1088 centro
741 1029 817 1087 ad
862 1029 1062 1104 capita
1106 1029 1452 1103 intervalla,
1497 1033 1774 1106 premunt
1818 1030 2047 1096 duriter
2091 1032 2261 1106 colla,
2310 1051 2433 1106 qua

411 1119 611 1174 autem
673 1117 946 1194 longiora
1007 1117 1230 1176 habent
1292 1118 1368 1176 ab
1424 1119 1628 1178 eodem
1682 1121 1883 1178 centro
1937 1119 2163 1196 spatia,
2224 1121 2433 1179 levant
2462 1143 2515 1180 ιο

411 1205 685 1264 oneribus
743 1210 804 1264 et
855 1207 1158 1265 trahentes
1205 1210 1266 1265 et
1305 1208 1583 1266 ferentes.
1672 1227 1806 1266 cum
1849 1209 1995 1267 haec
2037 1208 2128 1268 ita
2173 1209 2251 1267 ad
2295 1228 2429 1268 cen·

410 1297 571 1352 trum
642 1295 1112 1370 porrectionibus
1185 1299 1246 1354 et
1317 1295 1797 1356 circinationibus
1860 1297 2153 1373 recipiant
2212 1301 2432 1375 motuS‚

411 1386 554 1442 tunc
613 1402 754 1443 vero
815 1384 999 1444 etiam
1044 1385 1272 1460 plostra
1313 1379 1322 1462 Ι
1363 1385 1578 1444 raedae
1623 1388 1911 1461 tympana
1955 1387 2148 1445 molae
2194 1387 2430 1446 cocleae
2450 1398 2540 1449 (20)

411 1473 748 1548 scorpiones
785 1462 1062 1531 ballistae
1098 1473 1268 1548 prela
1303 1476 1649 1548 ceteraeque
1685 1475 1993 1533 machinae
2028 1474 2218 1533 isdem
2243 1476 2429 1534 ratio-

409 1560 582 1619 nibus
637 1579 744 1636 per
799 1564 1139 1636 porrectum
1197 1564 1465 1619 centrum
1524 1564 1585 1620 et
1636 1563 1995 1623 rotationem
2048 1563 2253 1622 circini
2297 1583 2428 1623 ver·
2458 1585 2511 1625 15

409 1649 593 1708 sando
637 1649 870 1708 faciunt
915 1649 992 1706 ad
1035 1649 1409 1724 propositum
1455 1651 1713 1708 effectus,

321 1747 399 1800 IV
545 1738 719 1796 Nunc
767 1738 840 1796 de
886 1737 1122 1813 organis
1170 1756 1322 1813 quae
1369 1738 1443 1796 ad
1486 1738 1876 1798 hauriendam
1920 1758 2140 1816 aquam
2181 1741 2430 1801 inventa

411 1816 422 1906 Ι
463 1830 602 1885 sunt
674 1826 1168 1902 quemadmodum
1229 1825 1413 1885 variis
1478 1827 1785 1903 generibus
1850 1833 2268 1904 comparentur
2330 1849 2427 1889 ex·
2446 1843 2535 1895 (25)

408 1933 645 1991 ponam,
685 1907 693 1995 Ι
735 1918 796 1975 et
854 1915 1118 1991 primum
1171 1915 1365 1975 dicam
1418 1915 1489 1975 de
1543 1919 1845 1993 tympano.
1937 1918 2000 1976 id
2053 1922 2254 1978 autem
2307 1939 2428 1980 non
2448 1930 2565 1985 256

409 2003 532 2061 alte
576 2004 740 2063 tollit
784 2023 1004 2080 aquam
1049 2005 1152 2063 sed
1198 2005 1469 2064 exhaurit
1506 2006 1940 2081 expeditissime
1974 2008 2427 2068 multitudinem
2456 2032 2507 2070 20

407 2112 702 2169 magnam.
776 2093 853 2151 ad
887 2096 1126 2151 tornum
1163 2096 1271 2151 aut
1305 2093 1589 2152 circinum
1623 2093 1951 2154 fabricatur
1984 2091 2213 2174 (axia)
2234 2099 2242 2107 ‘
2265 2100 2427 2173 capi-

377 2179 566 2238 -tibus
612 2181 814 2239 lamna
858 2182 1114 2255 ferratis,
1157 2180 1381 2241 habens
1426 2183 1491 2239 in
1532 2183 1727 2241 medio
1774 2185 1929 2243 circa
1974 2202 2035 2243 se
2072 2188 2427 2261 tympanum

409 2288 478 2327 ex
523 2268 744 2327 tabulis
779 2270 937 2328 inter
976 2268 985 2343 Ι
1025 2288 1087 2329 se
1124 2272 1573 2347 coagmentatis,
1644 2272 1985 2331 conlocatur
2018 2274 2083 2331 in
2118 2274 2425 2350 stipitibus
2446 2288 2507 2340 (5)

406 2357 760 2417 habentibus
805 2358 868 2416 in
913 2377 975 2417 se
1020 2358 1127 2417 sub
1173 2359 1375 2435 capita
1420 2360 1546 2418 axis
1591 2361 1811 2419 ferreas
1856 2362 2105 2421 lamnas.
2184 2364 2250 2420 in
2294 2364 2425 2423 eius

407 2446 680 2522 tympani
725 2466 870 2506 cavo
915 2447 1375 2523 interponuntur
1419 2451 1552 2508 octo
1597 2448 1837 2507 tabulae
1882 2453 2253 2511 transversae
2290 2456 2422 2511 tan·
2455 2474 2511 2515 25

408 2538 614 2612 gentes
671 2554 841 2594 axem
895 2539 956 2596 et
1009 2540 1332 2595 extremam
1386 2538 1658 2613 tympani
1712 2538 2201 2617 circumitionem,
2266 2560 2425 2616 quae

553 2817 582 2864 2
620 2811 911 2881 progredit
935 2812 1005 2866 H
1007 2812 1086 2881 Sc,
1127 2814 1247 2866 -tur
1282 2816 1429 2882 (ante
1462 2815 1626 2883 raa!)
1655 2814 1699 2869 S
1728 2820 1779 2869 et
1815 2794 1953 2884 (-t²'·)
1982 2814 2048 2869 G.
2100 2818 2109 2886 Ι
2158 2815 2424 2870 admedio

409 2882 479 2936 H
507 2890 558 2937 et
601 2886 750 2951 (ante
791 2890 922 2949 rae.)
961 2884 1021 2938 S:
1079 2883 1299 2938 amedio
1338 2884 1477 2940 ὅσθ’.
1542 2888 1561 2953 ΙΙ
1625 2890 1657 2937 3
1696 2884 1933 2939 alteram
1973 2886 2049 2941 G:
2100 2904 2200 2941 om.
2239 2887 2367 2943 HS.
2405 2887 2426 2959 ΙΙ

408 2959 439 3006 5
480 2952 923 3023 circumagentes
951 2954 1018 3007 H
1026 2955 1096 3022 G,
1133 2957 1356 3024 -gantes
1385 2955 1438 3010 S.
1486 2957 1505 3024 ΙΙ
1551 2960 1583 3007 6
1622 2955 1746 3023 agit
1777 2973 1831 3011 x.
1888 2958 1908 3026 ΙΙ
1962 2962 1994 3009 ’1
2030 2959 2209 3013 rotae:
2250 2960 2424 3012 notae

407 3026 485 3096 (-e
519 3024 646 3095 GS)
681 3042 738 3079 ω.
765 3027 784 3093 ΙΙ
813 3030 844 3077 8
880 3024 1098 3079 minora
1134 3028 1322 3079 centro
1358 3042 1413 3080 ω.
1442 3028 1462 3095 ΙΙ
1490 3031 1521 3078 9
1559 3025 1762 3095 collaq‚
1800 3032 1889 3095 (=
1918 3029 2047 3097 que)
2084 3030 2274 3083 autem
2308 3044 2365 3084 x.
2403 3030 2425 3103 ΙΙ

410 3099 473 3148 11
515 3112 562 3149 ο.
604 3094 958 3149 extrahentes
994 3114 1049 3150 x.
1097 3098 1116 3164 ΙΙ
1162 3102 1227 3149 12
1265 3096 1580 3165 reciperent
1612 3115 1667 3152 x.
1720 3101 1728 3168 Ι
1776 3102 1957 3153 motos
1995 3098 2071 3154 H.
2117 3101 2137 3169 ΙΙ
2183 3104 2249 3153 13
2285 3101 2423 3155 tunc

406 3182 538 3220 vero
577 3165 749 3219 etiam
783 3166 998 3235 plostra
1034 3168 1152 3235 (sie)
1187 3185 1228 3221 ω
1264 3168 1387 3237 (ubi
1422 3167 1595 3222 etiam
1632 3186 1809 3225 errore
1844 3186 1945 3224 om.
1984 3169 2163 3239 Schn.)
2197 3173 2205 3239 Ι
2236 3170 2424 3225 molae

409 3238 489 3305 (p.
517 3240 646 3304 245,
664 3238 783 3305 25):
821 3238 980 3290 rotae
1007 3239 1083 3308 (⁴2
1114 3237 1244 3307 GS)
1270 3255 1326 3293 x.
1356 3241 1375 3309 ΙΙ
1404 3244 1473 3291 14
1497 3239 1791 3294 machinae
1827 3239 2007 3294 isdem
2034 3242 2121 3297 H:
2159 3240 2421 3315 machine

407 3305 619 3359 eisdem
642 3307 754 3362 GS.
784 3309 803 3376 ΙΙ
834 3312 897 3359 15
915 3307 1191 3362 versando
1211 3310 1308 3377 (Le
1322 3312 1731 3380 utp.252,22):
1754 3311 1989 3383 versanQ
2013 3312 2169 3382 ffltu
2186 3312 2256 3366 H
2259 3313 2424 3382 S(L),

406 3379 701 3430 versantur
719 3377 727 3449 Ι
745 3379 809 3430 tfi
847 3378 896 3431 G
942 3379 1284 3447 (versantum
1322 3380 1517 3449 Pvlc).
1574 3384 1593 3451 ΙΙ
1647 3387 1711 3434 21
1759 3382 2069 3437 fabricatus
2114 3400 2171 3439 ω.
2229 3385 2239 3453 Ι
2299 3384 2421 3437 axis

407 3463 506 3499 om.
543 3464 598 3499 x.
664 3450 683 3517 ΙΙ
747 3453 812 3501 22
850 3447 1043 3502 lamna
1077 3448 1148 3502 H
1155 3451 1229 3505 G:
1276 3450 1492 3505 lamina
1529 3452 1582 3507 S.
1643 3456 1652 3517 Ι
1710 3470 1769 3507 se
1807 3471 1907 3508 om.
1949 3454 2001 3508 G·
2038 3456 2169 3522 (non
2206 3454 2364 3523 HS).
2402 3456 2423 3528 ΙΙ

409 3520 476 3565 24
514 3517 699 3583 capite
727 3518 783 3571 P
814 3522 966 3589 (vlo).
1018 3522 1027 3589 Ι
1075 3519 1375 3575 lamminas
1402 3522 1473 3576 H
1479 3524 1547 3591 G,
1584 3522 1823 3577 laminas
1852 3524 1905 3580 S.
