2664 3927
782 157 878 211 DE
915 148 1476 213 ARCHITECTURA
1510 158 1644 213 ΜΒ.
1681 158 1748 228 11,
1789 164 1817 212 1
2225 158 2309 223 31

295 310 354 367 et
399 326 470 366 ea
516 308 790 382 delector,
846 307 950 367 sed
1004 306 1413 367 animadverto
1470 308 1522 367 si
1566 309 1669 384 qui
1715 308 2025 368 deduxerit
2070 328 2138 369 eo
2192 310 2317 370 lociv

294 396 589 456 coloniam
657 397 783 456 fore
847 399 920 455 ut
981 396 1267 455 iudicium
1330 397 1455 455 eius
1520 397 1909 473 vituperetur.
2018 400 2091 457 ut
2152 399 2311 457 enim

189 494 276 547 (1⁰)
294 488 469 545 natus
516 486 714 544 infans
759 484 886 544 sine
931 486 1180 545 nutricis
1225 487 1383 545 lacte
1427 505 1547 545 non
1592 489 1793 562 potest
1833 482 1841 566 Ι
1884 487 1967 545 ali
2003 506 2194 562 neque
2232 487 2313 547 ad

291 573 451 634 vitae
498 574 810 634 crescentis
858 574 1078 650 gradus
1122 575 1392 650 perduci,
1446 575 1533 635 sic
1588 576 1798 643 civitas
1856 575 1981 634 sine
2038 576 2196 652 agris
2249 580 2313 635 et

240 683 264 722 5
293 682 496 721 eorum
547 662 842 723 fructibus
895 662 960 720 in
1003 662 1306 722 moenibus
1354 663 1732 723 affluentibus
1779 683 1899 723 non
1943 656 2144 740 potest
2190 684 2309 723 cre-

292 770 449 811 seere
504 771 612 811 nec
659 751 784 810 sine
831 750 1198 810 abundantia
1245 750 1362 810 cibi
1413 753 1817 828 frequentiam
1859 753 2076 813 habere
2120 773 2309 829 popu-

288 841 530 916 lumque
576 841 702 899 sine
749 840 922 915 copia
965 839 1135 898 tueri.
1207 840 1415 915 itaque
1460 843 1959 917 quemadmodum
2001 842 2309 905 formatio·
2374 862 2378 866 ’

289 950 426 989 nem
461 932 612 1005 puto
647 928 1035 1004 probandam,
1070 927 1156 987 sic
1189 928 1387 987 iudico
1418 930 1614 989 locum
1639 931 2093 1007 inprobandum,
2128 934 2309 1007 teque

186 1027 273 1079 (1⁵)
292 1020 429 1079 volo
471 1013 480 1096 Ι
523 1036 648 1076 esse
693 1036 951 1094 mecum,
1006 1018 1166 1092 quod
1219 1020 1330 1075 tua
1385 1036 1563 1094 opera
1619 1038 1751 1078 sum
1804 1039 2032 1079 usurus.
2123 1039 2191 1078 ex
2239 1039 2307 1081 eo
2344 1037 2382 1084 4

209 1125 262 1165 ιο
288 1107 641 1166 Dinocrates
688 1106 763 1164 ab
806 1125 946 1183 rege
990 1126 1112 1166 non
1157 1106 1429 1165 discessit
1474 1110 1535 1166 et
1569 1108 1633 1165 in
1667 1107 2011 1185 Aegyptum
2049 1112 2139 1168 est
2175 1128 2310 1167 eum

286 1198 646 1271 persecutus
749 1194 836 1252 ibi
897 1194 1237 1253 Alexander
1295 1214 1430 1253 cum
1493 1196 2007 1256 animadvertisset
2068 1201 2309 1273 portum

287 1284 644 1342 naturaliter
678 1287 897 1358 tutum,
934 1284 1264 1358 emporium
1301 1284 1622 1361 egregium,
1659 1302 1897 1360 campos
1935 1286 2091 1345 circa
2117 1289 2308 1346 totam

289 1371 630 1449 Aegyptum
691 1373 1139 1447 frumentariOS,
1211 1373 1469 1431 inmanis
1542 1372 1803 1431 fluminis
1864 1372 1994 1431 Nili
2060 1393 2309 1451 magnas

182 1471 270 1522 (2⁰)
289 1462 608 1536 utilitateS,
651 1461 828 1521 iussit
873 1480 1008 1519 eum
1049 1455 1058 1539 Ι
1098 1480 1204 1520 suo
1250 1462 1489 1520 nomine
1537 1462 1844 1521 civitatem
1887 1461 2309 1520 Alexandriam

208 1568 260 1609 15
288 1551 659 1610 constituere.
749 1551 841 1610 ita
884 1550 1236 1609 Dinocrates
1282 1568 1320 1608 a
1373 1548 1525 1610 facie
1575 1550 1992 1627 dignitateque
2048 1552 2308 1626 corporis

288 1639 727 1699 commendatus
775 1639 853 1698 ad
899 1658 1030 1697 eam
1082 1638 1462 1699 nobilitatem
1508 1639 1796 1715 pervenit.
1886 1640 2036 1697 mihi
2089 1642 2308 1715 autem,

285 1730 628 1803 imperator,
674 1730 968 1787 staturam
1011 1746 1132 1786 non
1167 1727 1382 1787 tribuit
1417 1731 1656 1804 natura,
1701 1728 1917 1788 faciem
1954 1729 2310 1788 deformavit

289 1820 481 1891 aetas,
533 1817 814 1877 valetudo
871 1815 1130 1875 detraxit
1183 1816 1358 1875 vires.
1456 1817 1663 1893 itaque
1727 1818 2012 1893 quoniam
2075 1818 2149 1876 ab
2213 1818 2307 1877 his

180 1915 268 1968 (2⁵)
285 1905 598 1983 praesidiis
644 1923 774 1966 sum
819 1906 1111 1980 desertuS,
1167 1925 1275 1982 per
1316 1901 1323 1984 Ι
1366 1906 1589 1965 auxilia
1634 1906 1917 1966 scientiae
1964 1906 2312 1984 scriptaque

205 2015 260 2054 20
287 1999 356 2056 ut
402 2014 572 2071 spero
616 1995 960 2071 perveniam
1004 1995 1082 2053 ad
1127 1995 1712 2056 commendationem.

420 2082 716 2153 Quoniam
751 2088 954 2143 autem
986 2084 1178 2159 primo
1205 2084 1507 2144 volumine
1536 2085 1607 2144 de
1646 2084 1840 2145 officio
1875 2085 2303 2144 architecturae
2341 2101 2383 2154 55

286 2172 920 2248 terminationibusque
968 2173 1115 2231 artis
1159 2172 1492 2250 perscripsi,
1536 2173 1683 2233 item
1730 2175 1801 2234 de
1840 2173 2149 2233 moenibus
2198 2176 2259 2232 et
2292 2166 2301 2256 Ι

180 2269 256 2323 33
283 2261 444 2320 intra
488 2260 724 2319 moenia
769 2279 1042 2320 arearum
1086 2261 1496 2337 divisionibus,
1542 2282 1675 2321 cum
1720 2265 2009 2338 sequatur
2045 2263 2189 2323 ordo
2231 2263 2303 2320 de

285 2349 532 2409 aedibus
568 2349 750 2410 sacris
790 2353 851 2409 et
883 2349 1136 2425 publicis
1175 2350 1459 2409 aedificiis
1493 2341 1780 2426 itemque*
1791 2350 2043 2427 privatis
2087 2351 2301 2427 quibus

206 2458 258 2498 25
283 2438 766 2514 proportionibus
814 2441 876 2496 et
921 2439 1282 2514 symmetriis
1319 2440 1575 2498 debeant
1620 2459 1745 2498 esse
1789 2440 1883 2499 uti
1920 2441 2306 2516 explicentur,

283 2547 403 2587 non
445 2527 659 2604 putavi
705 2530 844 2586 ante
887 2527 1231 2603 ponendum
1275 2527 1392 2586 nisi
1434 2529 1603 2604 prius
1648 2529 1720 2587 de
1765 2529 2051 2587 materiae
2098 2529 2305 2604 copiiS,

205 2627 265 2679 (5)
286 2635 317 2673 e
350 2608 357 2697 Ι
392 2616 603 2692 quibus
641 2616 894 2675 conlatis
931 2615 1201 2675 aedificia
1230 2617 1545 2676 structuris
1574 2622 1635 2675 et
1660 2617 1945 2676 materiae
1971 2616 2301 2677 rationibus

283 2704 692 2780 perficiuntur,
758 2723 906 2779 quas
970 2704 1230 2764 habeant
1290 2706 1355 2763 in
1418 2725 1530 2765 usu
1587 2705 1839 2764 virtutes
1904 2706 2302 2782 exposuissem

286 2793 616 2870 quibusque
660 2811 858 2852 rerum
902 2796 1152 2851 naturae
1197 2793 1507 2870 principiis
1561 2797 1759 2853 essent
1800 2797 2168 2870 temperatae
2213 2794 2301 2851 di-

206 2901 259 2941 so
283 2881 511 2940 xissem.
602 2881 707 2941 sed
761 2885 1086 2958 antequam
1138 2883 1443 2941 naturales
1496 2901 1591 2942 res
1648 2883 1930 2958 incipiam
1989 2883 2299 2959 explicare,

426 3163 455 3211 1
487 3157 636 3227 siqui
674 3156 968 3212 deduxerit
995 3157 1139 3212 EG.
1149 3156 1367 3238 siquid
1395 3157 1689 3212 deduxerit
1712 3159 1794 3226 H,
1831 3156 2017 3226 siquid
2046 3157 2303 3212 eduxerit

285 3227 328 3282 S
359 3229 521 3299 (umde
537 3175 626 3284 {4⁶
659 3231 725 3283 in
769 3246 940 3311 maa-q.
980 3228 1069 3284 vel
1117 3227 1165 3282 si
1167 3229 1341 3298 qu).
1376 3229 1383 3300 Ι
1416 3245 1481 3282 eo
1518 3227 1641 3284 loco
1678 3247 1733 3284 ae.
1736 3231 1781 3370 ΙΙΙ
1809 3235 1840 3282 2
1876 3228 1995 3283 fore
2034 3227 2297 3310 EG(S’)=

284 3297 425 3353 forte
461 3299 588 3354 HS.
643 3301 662 3370 ΙΙ
716 3305 749 3353 8
795 3298 1004 3354 iudicio
1043 3300 1113 3353 H
1154 3306 1205 3355 et
1256 3304 1405 3369 (ante
1448 3303 1583 3370 ras.)
1618 3299 1669 3355 S.
1800 3306 1866 3354 10
1906 3298 2151 3353 abcessit
2188 3298 2240 3354 S.

287 3374 350 3422 15
387 3369 666 3441 dignitate
704 3370 901 3426 EGS:
951 3369 1048 3424 -tis
1084 3370 1163 3426 H.
1210 3373 1229 3438 ΙΙ
1276 3376 1343 3424 18
1379 3303 1633 3426 valitudo
1677 3302 1785 3426 G'S
1816 3372 1907 3440 (cf.
1946 3373 2021 3425 ad
2057 3375 2144 3435 17,
2168 3373 2239 3439 6).

287 3445 350 3493 19
387 3441 599 3495 auxilia
636 3441 772 3496 HS.
810 3457 930 3494 -um
967 3441 1101 3497 EG.
1139 3443 1158 3512 ΙΙ
1195 3447 1259 3495 21
1301 3440 1601 3506 Quoniam.
1640 3441 1777 3496 Cum
1812 3459 1867 3497 x.
1896 3443 2010 3512 ΙΙ23
2050 3457 2175 3496 cum
2212 3456 2299 3496 se-

285 3514 508 3579 quatur.
545 3511 877 3580 insequatur
910 3529 965 3567 ω.
995 3513 1013 3582 ΙΙ
1042 3517 1108 3565 29
1144 3514 1455 3584 temperate
1488 3513 1539 3568 G
1576 3515 1678 3586 (ὡς
1710 3513 1829 3583 G⁶)·
1868 3515 1953 3566 -ta
1982 3512 2106 3568 HS
