2664 3927
351 177 479 242 154
1192 179 1523 235 VITRUVII

979 446 1244 512 LIBER
1291 447 1738 514 SEPTIMUS.

271 627 300 676 1
473 614 728 674 Maiores
776 633 910 672 cum
955 613 1256 689 sapienter
1290 617 1424 673 tum
1470 615 1653 673 etiam
1694 614 1926 673 utiliter
1960 614 2371 688 instituerunt,

345 694 353 785 Ι
392 723 500 780 per
535 703 1094 762 commentariorum
1137 703 1457 762 relationes
1504 704 1769 781 cogitata
1816 702 2049 762 tradere
2093 702 2370 778 posteriS‚
2389 712 2452 764 (⁵)

339 794 411 851 ut
458 811 528 851 ea
573 811 692 852 non
737 791 1050 850 interirent
1103 791 1206 850 sed
1251 793 1501 870 singulis
1549 791 1847 852 aetatibus
1894 791 2217 851 crescentia
2262 810 2371 850 vo-

336 880 661 938 luminibus
707 879 868 939 edita
913 879 1211 957 gradatim
1246 881 1626 956 pervenirent
1660 881 2057 941 vetustatibus
2096 880 2171 938 ad
2210 899 2370 939 sum-
2402 900 2427 940 ⁵

337 988 501 1028 mam
545 968 947 1027 doctrinarum
991 969 1402 1028 subtilitatem.
1476 971 1680 1045 itaque
1725 989 1845 1028 non
1890 970 2212 1029 mediocres
2258 969 2371 1029 sed

337 1057 606 1117 infinitae
642 1061 781 1116 sunt
816 1058 866 1116 is
906 1059 1165 1135 agendae
1202 1059 1451 1136 gratiae,
1499 1059 1658 1135 quod
1693 1078 1812 1118 non
1857 1059 2147 1118 invidiose
2184 1059 2368 1118 silen-

337 1149 428 1206 tes
490 1138 1059 1226 praeltermiserunt‚
1123 1148 1225 1206 sed
1289 1147 1557 1205 omnium
1619 1167 1902 1225 generum
1964 1165 2169 1207 sensus
2224 1166 2369 1207 con·
2389 1157 2473 1210 (10)

266 1251 300 1298 2
338 1235 754 1311 scriptionibus
808 1236 1126 1295 memoriae
1181 1237 1501 1296 tradendos
1548 1240 1917 1296 curaverunt.
2007 1255 2262 1313 namque
2316 1238 2371 1296 si

337 1343 457 1384 non
499 1325 587 1383 ita
631 1325 928 1400 fecissent,
971 1343 1091 1383 non
1135 1326 1531 1401 potuissemus
1579 1326 1727 1384 scire
1766 1345 1916 1402 quae
1951 1344 2044 1384 res
2080 1325 2145 1384 in
2182 1325 2371 1386 Troia
2398 1346 2449 1386 ιο

335 1415 588 1474 fuissent
642 1417 871 1491 gestae,
925 1433 1032 1472 nec
1088 1414 1233 1489 quid
1279 1415 1495 1473 Thales
1553 1413 1927 1474 Democritus
1973 1413 2370 1492 Anaxagoras

335 1503 727 1579 Xenophanes
772 1502 1104 1578 reliquique
1148 1501 1382 1577 physici
1428 1503 1746 1562 sensissent
1791 1503 1863 1562 de
1906 1522 2107 1561 rerum
2141 1505 2373 1562 natura

336 1611 600 1669 quasque
639 1591 912 1651 Socrates
947 1590 1168 1649 Platon
1208 1586 1216 1670 Ι
1257 1591 1611 1651 Aristoteles
1658 1592 1856 1651 Zenon
1891 1591 2183 1668 Epicurus
2229 1593 2371 1650 alii—
2390 1604 2472 1655 (15)

337 1700 452 1757 que
523 1680 864 1757 philosophi
937 1679 1272 1738 hominibus
1350 1681 1615 1756 agendae
1677 1681 1838 1740 vitae
1911 1681 2369 1742 terminationes

334 1769 606 1830 finissent
669 1788 772 1828 seu
838 1766 1086 1828 Croesus
1150 1768 1487 1828 Alexander
1550 1769 1767 1829 Darius
1833 1770 2129 1846 ceterique
2190 1788 2369 1847 reges
2399 1791 2449 1831 15

337 1877 484 1934 quas
542 1876 634 1917 res
691 1859 797 1916 aut
853 1857 1065 1933 quibus
1119 1857 1449 1917 rationibus
1496 1858 1816 1935 gessissent
1867 1859 2121 1918 fuissent
2164 1862 2371 1934 notae,

334 1947 451 2006 nisi
486 1947 739 2007 maiores
775 1949 1227 2023 praeceptorum
1263 1947 1805 2024 comparationibus
1844 1947 2107 2009 omnium
2142 1968 2368 2008 memo-

263 2049 297 2098 3
335 2036 460 2095 riae
535 2036 610 2094 ad
682 2036 1094 2112 posteritatem
1161 2036 1601 2097 commentariis
1666 2029 2048 2119 extullissent.
2156 2037 2368 2114 itaque
2389 2048 2471 2100 (²⁰)

296 2130 300 2134 ’
335 2124 834 2201 quemadmodum
867 2124 961 2183 his
999 2126 1228 2203 gratiae
1267 2128 1407 2185 sunt
1443 2126 1725 2203 agendae,
1771 2129 1978 2185 contra
2015 2128 2121 2202 qui
2158 2144 2370 2186 eorum

333 2215 555 2290 scripta
625 2214 892 2273 furantes
964 2233 1073 2290 pro
1139 2215 1260 2273 suis
1323 2216 1671 2291 praedicant
1734 2218 1874 2274 sunt
1915 2206 1923 2296 Ι
1963 2215 2367 2291 vituperandi..
2387 2224 2495 2280 156

334 2304 552 2379 quique
589 2322 709 2362 non
744 2303 1002 2379 propriis
1040 2303 1499 2380 cogitationibus
1536 2304 1893 2380 scriptorum
1928 2306 2217 2381 nituntur,
2254 2306 2367 2363 sed
2394 2326 2444 2366 ει

331 2388 549 2451 invidis
586 2391 846 2451 moribus
885 2392 1082 2450 aliena
1118 2393 1410 2452 violantes
1449 2393 1800 2471 gloriantur,
1844 2411 1964 2452 non
2003 2392 2179 2452 modo
2218 2397 2368 2454 sunt

330 2479 814 2556 reprehendendi,
843 2480 962 2539 ced
1009 2481 1190 2540 etiam
1228 2482 1371 2557 quia
1407 2482 1592 2558 impio
1627 2501 1791 2540 more
1827 2482 2120 2557 vixerunt,
2165 2500 2365 2558 poena

332 2569 776 2629 condemnandi.
866 2589 975 2629 nec
1019 2573 1220 2629 tamen
1273 2571 1421 2630 haec
1463 2589 1557 2629 res
1603 2590 1724 2630 non
1768 2561 2121 2652 vinidicatae
2167 2572 2362 2631 curio·
2382 2583 2443 2636 (⁵)

331 2660 454 2719 sius
509 2658 585 2717 ab
639 2658 901 2734 antiquis
959 2678 1084 2719 esse
1137 2662 1559 2720 memorantur.
1652 2678 1904 2737 quorum
1959 2660 2149 2719 exitus
2204 2660 2363 2718 iudi·
2392 2681 2444 2721 85

330 2747 556 2807 ciorum
612 2748 715 2823 qui
760 2748 1011 2823 fuerint,
1065 2767 1185 2807 non
1232 2751 1323 2808 est
1379 2748 1642 2808 alienum
1688 2747 2188 2824 quemadmodum
2233 2750 2362 2809 sint

473 2959 504 3006 2
543 2952 774 3008 Maioris
814 2952 869 3009 S.
924 2955 943 3023 ΙΙ
999 2959 1028 3007 7
1067 2953 1142 3008 is:
1179 2952 1270 3007 his
1306 2971 1363 3007 x.
1494 2959 1557 3009 11
1596 2952 1808 3022 nequid
1842 2971 1884 3008 x
1920 2931 2167 3023 (Ngqujd
2203 2955 2284 3009 sic
2320 2954 2371 3010 S

328 3026 482 3094 ipse).
516 3025 525 3095 Ι
557 3023 703 3078 tales
739 3031 866 3079 ante
901 3041 1039 3080 corr.
1069 3025 1148 3079 H.
1185 3026 1204 3095 ΙΙ
1242 3030 1309 3078 13
1347 3022 1546 3094 platon
1575 3065 1588 3078 .
1622 3067 1632 3078 .
1666 3067 1677 3079 .
1708 3041 1885 3079 zenon
1921 3028 2035 3095 (sic,
2072 3027 2166 3081 sed
2198 3024 2361 3097 philo

331 3096 434 3166 bis)
468 3112 524 3150 x.
571 3097 591 3165 ΙΙ
638 3099 704 3148 15
743 3110 995 3149 croessus
1031 3112 1086 3149 x.
1133 3097 1153 3165 ΙΙ
1200 3101 1266 3149 16
1303 3094 1543 3149 ᾗιὶεεπιιΐ,
1579 3097 1749 3150 notae
1787 3095 1857 3150 H
1861 3096 1922 3151 S:
1968 3113 2083 3151 non
2117 3095 2363 3179 fuissent

329 3167 595 3306 ’ἕὲῗασῖ
615 3166 975 3307 <staffili
1011 3169 1701 3307 ilnirssssssifflffflssff
1719 3167 2029 3309 {Effsstu
2048 3171 2363 3308 timi

331 3325 526 3378 contra
553 3324 642 3391 H,
688 3323 907 3398 agendo
946 3312 990 3379 f.
1023 3322 1097 3378 fic
1135 3327 1294 3379 cotra
1320 3326 1379 3394 S,
1424 3328 1557 3380 sunt
1601 3326 1821 3400 agendo
1857 3325 1980 3399 <sic
2025 3328 2153 3382 add.
2187 3325 2303 3399 6⁶>
2342 3326 2353 3399 Ι

332 3395 560 3448 econtra
590 3396 656 3452 G.
705 3399 724 3465 ΙΙ
769 3401 838 3449 23
873 3394 1245 3465 repraehendi
1280 3400 1404 3465 (sic)
1438 3397 1517 3453 H.
1562 3400 1573 3467 Ι
1617 3396 1779 3467 quiae
1817 3397 1916 3466 qui
1950 3414 2005 3453 x.
2053 3399 2072 3467 ΙΙ
2117 3403 2186 3452 24
2225 3414 2357 3452 con-

333 3461 674 3532 dempnandi
719 3468 803 3535 (ut
839 3470 964 3533 157,
990 3470 1057 3520 14
1103 3467 1562 3539 condempnatos)
1607 3485 1707 3524 scr.
1742 3469 1812 3523 H
1816 3469 1939 3524 860
1994 3485 2108 3524 non
2146 3468 2244 3538 G),
2288 3476 2357 3523 ut

331 3530 625 3601 dampnati
653 3536 776 3591 SGc
802 3541 989 3604 158,2
1024 3538 1159 3605 (non
1185 3538 1256 3591 H
1263 3540 1350 3606 G).
1386 3542 1393 3609 Ι
1424 3540 1568 3594 haec
1595 3540 1664 3594 H
1693 3539 1840 3615 (hec)
1870 3540 1945 3595 G:
2026 3558 2055 3613 e
2085 3540 2138 3595 S.
