2664 3927
716 172 812 225 DE
850 170 1408 225 ARCHITECTURA
1442 172 1575 227 LIB.
1612 172 1704 242 IX,
1744 178 1792 225 5.
1833 178 1864 225 6
2169 173 2298 237 229

418 322 579 391 Quae
632 322 890 399 figurata
944 323 1430 398 conformataque
1483 325 1622 380 sunt
1665 322 1927 381 siderum
1970 321 2034 381 in
2078 323 2300 383 mundo
2336 341 2369 386 4

283 412 617 486 simulacra,
652 414 869 469 natura
905 410 1223 486 divinaque
1259 415 1456 470 mente
1495 410 1823 488 designata,
1859 414 1928 469 ut
1959 412 2299 471 Democrito

282 502 528 577 physico
573 499 817 576 placuit,
866 500 1127 574 exposui,
1174 500 1276 557 sed
1320 502 1561 558 tantum
1607 518 1677 558 ea
1725 518 1980 574 quorum
2026 504 2193 560 ortus
2242 503 2302 559 et

175 600 263 653 (20)
286 582 545 670 oclcasus
595 606 913 664 possumus
956 588 1424 647 animadvertere
1463 591 1528 647 et
1560 588 1743 648 oculis
1783 589 2070 647 contueri.
2133 608 2298 647 nam-

231 698 255 737 5
286 698 398 753 que
445 679 539 736 uti
584 676 1013 753 septentriones
1060 676 1281 736 circum
1326 678 1452 736 axis
1499 677 1799 736 cardinem
1841 680 2146 737 versantes
2182 697 2299 737 non

286 767 561 826 occidunt
604 784 798 841 neque
845 765 955 823 sub
1000 768 1222 824 terram
1266 766 1542 841 subeunt,
1589 767 1672 824 sic
1718 767 1874 825 circa
1908 767 2301 824 meridianum

286 856 609 929 cardinem,
667 854 771 930 qui
826 858 916 912 est
967 857 1211 930 propter
1262 854 1708 914 inclinationem
1752 855 1958 913 mundi
2003 856 2300 915 subiectus

286 948 497 1018 terrae,
544 943 737 1001 sidera
781 942 1154 1001 versabunda
1194 944 1562 1019 latentiaque
1609 962 1729 1001 non
1774 944 1996 1003 habent
2033 962 2300 1022 egressus

178 1042 267 1093 (25)
289 1033 543 1091 orientes
585 1026 593 1109 Ι
636 1049 817 1107 supra
852 1034 1089 1090 terram.
1152 1031 1358 1108 itaque
1397 1052 1604 1092 eorum
1637 1032 2020 1109 figurationes
2056 1037 2302 1109 propter

206 1142 259 1180 10
289 1120 649 1180 obstantiam
693 1123 887 1179 terrae
932 1140 1051 1180 non
1096 1123 1238 1179 sunt
1281 1124 1476 1180 notae.
1548 1121 1726 1179 huius
1768 1125 1969 1179 autem
2003 1122 2090 1180 rei
2125 1122 2301 1180 index

287 1212 377 1267 est
422 1209 596 1267 stella
642 1208 895 1285 Canopi,
948 1228 1101 1284 quae
1146 1208 1239 1267 his
1284 1210 1625 1287 regionibus
1673 1213 1763 1268 est
1806 1212 2038 1286 ignota,
2083 1231 2299 1269 renun-

147 1306 265 1359 232
284 1298 442 1356 tiant
497 1300 695 1355 autem
736 1294 744 1376 Ι
786 1298 1211 1375 negotiatores,
1267 1298 1373 1373 qui
1428 1298 1504 1357 ad
1559 1301 1848 1357 extremas
1894 1298 2157 1375 Aegypti
2209 1320 2300 1357 re-

285 1387 489 1463 giones
551 1386 968 1463 proximasque
1030 1386 1260 1445 ultimis
1323 1386 1539 1445 finibus
1602 1391 1795 1445 terrae
1853 1388 2300 1446 terminationes

281 1476 539 1534 fuerunt.

202 1583 255 1623 15
414 1564 504 1622 De
575 1564 785 1622 mundi
856 1565 1010 1623 circa
1082 1567 1303 1623 terram
1375 1564 1799 1640 pervolitantia
1872 1564 2297 1640 duodecimque
2325 1572 2402 1626 VI

286 1653 587 1729 signorum
652 1672 725 1711 ex
789 1652 1240 1728 septentrionali
1301 1653 1746 1728 meridianaque
1809 1655 1977 1728 parte
2041 1652 2302 1711 siderum

205 1751 266 1804 (5)
286 1740 668 1816 dispositione
710 1734 717 1819 Ι
758 1744 827 1799 ut
864 1742 944 1799 sit
977 1744 1287 1816 perspecta
1323 1741 1512 1801 docui.
1585 1760 1844 1817 namque
1882 1760 1952 1799 ex
1989 1760 2060 1799 ea
2094 1742 2301 1799 mundi
2381 1774 2384 1779 -

285 1830 621 1887 versatione
661 1832 721 1887 et
758 1830 1052 1888 contrario
1090 1830 1228 1889 solis
1264 1850 1374 1905 per
1409 1831 1579 1907 signa
1616 1849 1795 1889 cursu
1823 1848 2300 1906 gnomonumque

286 1916 818 1992 aequinoctialibus
854 1918 1077 1977 umbris
1116 1918 1649 1978 analemmatorum
1676 1919 2059 1979 inveniuntur
2086 1918 2298 1978 descri-

205 2028 259 2066 20
285 2007 536 2081 ptioneS.
654 2008 916 2064 ceterum
988 2027 1057 2066 ex
1131 2009 1455 2084 astrologia
1529 2028 1675 2084 quos
1741 2009 1980 2068 effectus
2042 2008 2302 2067 habeant
2338 2023 2368 2069 2

286 2094 458 2172 signa
493 2113 599 2168 ΧΠ,
646 2095 854 2153 stellae
890 2115 947 2169 v,
993 2095 1099 2170 sol,
1145 2097 1288 2155 luna
1337 2097 1410 2154 ad
1454 2098 1747 2156 humanae
1793 2097 1953 2156 vitae
1989 2097 2302 2172 rationem,

180 2195 269 2247 (10)
292 2182 722 2242 Chaldaeorum
758 2176 1327 2266 ratiocinatiofnibus
1367 2189 1456 2244 est
1493 2185 1943 2260 concedendum,
1983 2185 2140 2260 quod
2165 2206 2300 2260 pro-

284 2272 419 2347 pria
466 2275 557 2330 est
602 2291 804 2331 eorum
850 2273 1344 2350 genethlialogiae
1389 2275 1546 2334 ratio
1591 2275 1682 2333 uti
1725 2274 1956 2350 possint
2001 2276 2301 2333 antefacta

288 2365 349 2420 ct
394 2362 600 2419 futura
648 2381 717 2418 ex
761 2362 1315 2422 ratiocinationibus
1363 2366 1657 2423 astrorum
1703 2364 2011 2439 explicare.
2097 2382 2302 2422 eorum

205 2471 259 2510 25
288 2453 490 2508 autem
524 2449 893 2509 inventiones
921 2451 1289 2526 reliquerunt
1314 2451 1495 2526 inque
1523 2453 1789 2511 sollertia
1817 2450 2300 2527 acuminibusque

282 2539 526 2597 fuerunt
586 2539 819 2614 magnis
886 2539 988 2613 qui
1052 2540 1125 2598 ab
1188 2541 1321 2615 ipsa
1385 2541 1625 2599 natione
1683 2539 2114 2599 Chaldaeorum
2165 2560 2300 2616 pro-

176 2627 606 2703 (15)fluxerunt,
664 2628 1007 2703 primusque
1050 2628 1309 2688 Berosus
1369 2630 1432 2687 in
1491 2621 1708 2711 in2sula
1769 2633 1828 2688 et
1888 2630 2137 2707 civitate
2179 2627 2298 2689 Coo

428 2820 459 2868 5
499 2816 790 2884 septem(-e
821 2813 1087 2882 S)trionis
1117 2815 1252 2870 HS:
1300 2815 1706 2884 septentriones
1745 2817 1806 2869 E
1815 2816 1881 2871 G.
1942 2817 1950 2888 Ι
2006 2819 2302 2871 versantur

281 2867 394 2955 (-t⁷‘
429 2885 557 2953 GS)
594 2903 649 2940 x.
687 2887 705 2954 ΙΙ
744 2890 773 2936 6
813 2884 893 2938 sic
931 2884 1077 2939 circa
1105 2885 1167 2938 E
1178 2887 1253 2940 G:
1292 2886 1492 2940 sicirca
1520 2886 1600 2954 H,
1637 2887 1687 2940 si
1725 2886 1873 2940 circa
1901 2888 1954 2942 S.
1991 2890 2009 2957 ΙΙ
2047 2892 2078 2939 8
2116 2889 2299 2942 terrae

281 2961 386 3028 (49
416 2957 484 3025 S)
514 2956 777 3026 118(sz
824 2958 973 3009 terra
1002 2956 1139 3010 EG.
1168 2958 1187 3025 ΙΙ
1215 2962 1246 3010 9
1286 2956 1517 3011 orientis
1554 2975 1608 3012 x.
1638 2960 1658 3026 ΙΙ
1687 2964 1753 3010 15
1789 2977 1882 3012 xn.
1913 2959 2050 3014 EG.
2080 2963 2098 3026 ΙΙ
2128 2965 2193 3012 16
2216 2975 2300 3012 -ex

279 3028 425 3084 EG:
456 3027 503 3081 85
530 3027 655 3082 HS.
685 3029 703 3097 ΙΙ
733 3032 798 3080 17
825 3030 1101 3098 pepectus
1129 3045 1170 3082 m
1198 3029 1287 3096 (cf.
1310 3046 1372 3098 p.
1393 3032 1530 3096 37,7
1557 3031 1688 3097 eta).
1719 3031 1736 3098 ΙΙ
1766 3034 1831 3082 18
1860 3030 2185 3098 gnominum
2203 3047 2257 3084 x.

282 3104 349 3151 19
388 3097 871 3152 analemnatorum
906 3099 974 3151 H
978 3098 1161 3168 S(G⁰)‚
1201 3099 1365 3154 anale
1385 3098 1392 3170 Ι
1411 3101 1673 3153 natorum
1699 3101 1774 3167 E,
1812 3101 1976 3154 anale
2012 3103 2214 3154 natorfi

280 3169 505 3238 (devna-
538 3169 645 3236 ΘΟ).
702 3171 721 3238 ΙΙ
775 3174 843 3222 20
881 3171 1144 3242 ce(e)tera
1179 3187 1233 3225 x.
1289 3171 1307 3239 ΙΙ
1364 3176 1429 3222 21
1471 3169 1543 3224 ad
1587 3169 1834 3224 humana
1867 3188 1920 3225 v.
1960 3189 2002 3225 r.
2039 3189 2082 3226 x
2116 3173 2232 3240 (ubi
2260 3171 2305 3226 S

280 3240 355 3293 ad
390 3241 599 3294 human
671 3239 792 3313 vite
831 3245 859 3294 ὂ
896 3240 1150 3310 ratione).
1198 3242 1216 3309 ΙΙ
1262 3245 1329 3293 23
1369 3240 1502 3309 quia
1530 3241 1602 3295 E.
1647 3241 1655 3311 Ι
1695 3241 2084 3312 gentililogiae
2121 3243 2217 3366 (Ἑ)
2254 3259 2296 3296 a:

280 3313 425 3379 (item
460 3329 507 3366 v.
542 3318 571 3364 1
636 3355 646 3365 .
711 3313 869 3366 verbo
904 3319 1159 3381 corrupto
1188 3328 1253 3366 ex
1291 3312 1539 3368 Vitruvio
1567 3315 1748 3368 utitur
1773 3314 2127 3366 Hem-mamma·
2199 3330 2294 3366 on-

278 3387 485 3436 tractus
528 3383 861 3451 (D‘ezmmlerz
908 3383 1047 3438 Am.
1084 3385 1127 3449 f.
1166 3383 1240 3436 K.
1278 3383 1354 3437 D.
1404 3384 1614 3438 Vorzeit
1649 3395 1769 3434 ΧΠ.
1807 3387 1957 3437 1869
2002 3382 2053 3437 S.
2093 3385 2237 3452 137).

279 3456 349 3574 ἐξ
385 3451 553 3590 inqu?
573 3453 778 3591 {36:3¹3
817 3452 875 3505 in
912 3470 1056 3522 quae
1085 3453 1155 3507 H
1184 3452 1375 3527 (inque
1409 3455 1514 3524 Gc).
1545 3456 1564 3524 ΙΙ
1592 3460 1658 3508 26
1694 3452 1939 3523 magnis:
1978 3453 2158 3523 magis
2188 3454 2242 3509 S.
2295 3505 2298 3511 ,

385 3539 484 3576 coo
544 3539 573 3576 c
615 3539 682 3576 oo
814 3540 869 3578 ω.
