2664 3927
827 189 922 243 DE
960 188 1520 269 ARCHITECTURA
1558 188 1690 244 LIB.
1718 189 1811 257 IV,
1842 195 1872 242 2
2284 189 2369 254 87

343 341 656 400 fabrilibus
704 341 978 417 operibus
1035 342 1421 413 ornaverunt,
1474 342 1605 398 tum
1658 341 2023 415 proiecturas
2068 342 2374 418 tignorum

344 433 633 507 quantum
678 429 1014 488 eminebant
1060 428 1135 487 ad
1177 429 1399 487 lineam
1444 431 1505 487 et
1548 429 2034 504 perpendiculum
2076 431 2375 505 parietum

342 521 826 596 praesecuerunt,
884 537 1033 594 quae
1088 519 1310 593 species
1368 537 1502 576 cum
1556 520 1870 577 invenusta
1924 520 1975 576 is
2032 519 2163 578 visa
2218 522 2373 578 esset

341 609 595 668 tabellas
638 609 728 666 ita
771 609 1058 666 formatas
1094 609 1185 665 uti
1221 625 1379 666 nunc
1413 607 1569 666 fiunt
1603 608 1896 683 triglyphi
1932 611 2139 666 contra
2176 609 2370 686 tigno-

200 713 327 764 (so)5
346 718 478 756 rum
540 697 934 772 praecisiones
997 697 1060 754 in
1123 697 1318 754 fronte
1380 695 1633 754 fixerunt
1698 699 1758 755 et
1814 691 1823 775 Ι
1882 715 1979 756 eas
2048 716 2183 756 cera
2244 716 2371 756 cae-

345 787 509 846 rulea
581 786 974 860 depinxerunt
1036 787 1106 842 ut
1166 785 1561 860 praecisiones
1623 786 1927 862 tignorum
1997 788 2191 844 tectae
2254 805 2373 844 non

236 879 314 934 89
344 875 710 934 offenderent
753 875 962 933 visum.
1044 875 1132 931 ita
1178 873 1497 932 divisiones
1542 875 1845 950 tignorum
1884 876 2108 934 imitati
2142 866 2372 957 trilgly-

235 981 244 1012 :.
343 964 598 1039 phorum
643 963 1092 1038 dispositionem
1139 964 1198 1020 et
1242 963 1591 1039 intertignia
1636 965 2007 1038 metoparum
2050 964 2265 1023 habere
2310 967 2373 1022 in

344 1053 561 1110 doricis
608 1051 882 1126 operibus
937 1053 1274 1126 coeperunt.
1364 1054 1573 1126 postea
1630 1051 1735 1109 alii
1786 1053 1849 1109 in
1905 1053 2037 1111 aliis
2094 1053 2372 1129 operibus

259 1167 318 1205 -10
349 1141 424 1200 ad
460 1141 946 1216 perpendiculum
972 1140 1413 1217 triglyphorum
1441 1140 1773 1198 cantherios
1799 1143 2199 1215 prominentes
2236 1161 2371 1217 pro-

346 1232 611 1288 iecerunt
670 1249 988 1306 eorumque
1043 1231 1413 1304 proiecturas
1475 1230 1854 1287 simaverunt.
1946 1249 2016 1288 ex
2075 1250 2143 1289 eo
2198 1234 2289 1289 uti
2344 1251 2375 1290 e

263 1335 326 1385 (5)
346 1320 650 1394 tignorum
697 1314 705 1397 Ι
755 1317 1242 1394 dispositionibus
1306 1318 1625 1394 triglyphi,
1690 1318 1779 1375 ita
1844 1337 1875 1376 e
1940 1319 2376 1378 cantheriorum

344 1408 696 1482 proiecturis
742 1408 1110 1468 mutulorum
1165 1407 1272 1465 sub
1320 1407 1551 1464 coronis
1596 1407 1754 1464 ratio
1802 1409 1892 1465 est
1936 1408 2196 1466 inventa.
2288 1411 2375 1467 ita

344 1498 467 1555 fere
522 1497 585 1554 in
645 1496 922 1572 operibus
979 1496 1232 1571 lapideis
1293 1498 1355 1554 et
1406 1497 1750 1556 marmoreis
1803 1496 2021 1554 mutuli
2074 1497 2375 1556 inclinatis

263 1611 317 1651 15
346 1585 662 1661 scalpturis
721 1586 1158 1658 deformantur,
1221 1585 1383 1660 quod
1443 1585 1705 1642 imitatio
1770 1587 1860 1643 est
1924 1586 2376 1644 cantheriorum.

346 1676 564 1733 etenim
608 1676 941 1734 necessario
984 1677 1228 1749 propter
1273 1673 1579 1732 stillicidia
1622 1674 1942 1748 proclinati
1978 1675 2377 1733 conlocantur.

236 1781 326 1831 (ιο)
348 1782 487 1839 ergo
535 1766 596 1822 et
638 1763 1080 1840 triglyphorum
1125 1765 1184 1821 et
1233 1757 1240 1839 Ι
1290 1763 1661 1820 mutulorum
1715 1764 1778 1820 in
1833 1763 2048 1822 doricis
2104 1763 2377 1839 operibus

350 1853 506 1910 ratio
554 1871 622 1910 ex
669 1871 736 1910 ea
781 1853 1118 1911 imitatione
1163 1853 1408 1910 inventa
1454 1853 1561 1910 est.

480 1940 616 1999 Non
681 1942 838 2000 enim
903 1939 1401 2017 quemadmodum
1454 1940 1725 2000 nonnulli
1782 1943 2043 2001 errantes
2073 2018 2075 2023 ,
2103 1941 2380 2003 dixerunt

264 2057 322 2096 20
349 2030 745 2089 fenestrarum
788 2031 1076 2106 imagines
1123 2048 1248 2088 esse
1291 2030 1629 2106 triglyphos
1667 2032 1755 2088 ita
1790 2032 1990 2105 potest
2028 2050 2170 2107 esse,
2218 2034 2379 2108 quod

348 2121 412 2176 in
458 2119 692 2195 angulis
731 2121 1053 2195 contraque
1098 2121 1388 2177 tetrantes
1444 2119 1853 2177 columnarum
1905 2120 2199 2197 triglyphi
2243 2140 2379 2180 con-

239 2226 329 2277 (15)
351 2199 723 2289 stiltuuntur,
759 2208 970 2283 quibus
998 2209 1062 2266 in
1098 2208 1244 2267 locis
1283 2209 1522 2265 omnino
1559 2226 1679 2266 non
1713 2210 1945 2284 patitur
1968 2228 2061 2267 res
2088 2211 2379 2270 fenestras

349 2297 494 2355 fieri.
568 2297 974 2357 dissolvuntur
1019 2299 1177 2355 enim
1223 2298 1577 2373 angulorum
1611 2299 1675 2353 in
1722 2297 2001 2356 aedificiis
2047 2300 2381 2373 iuncturae,

351 2387 404 2445 si
449 2388 513 2443 in
557 2388 610 2446 is
655 2387 1046 2445 fenestrarum
1090 2388 1316 2444 fuerint
1358 2386 1586 2445 lumina
1629 2386 1856 2445 relicta.
1931 2388 2231 2463 etiamque
2275 2388 2380 2446 ubi

269 2493 322 2533 25
349 2494 506 2534 nunc
551 2476 843 2551 triglyphi
888 2476 1332 2534 constituuntur
1377 2477 1429 2533 si
1480 2475 1567 2533 ibi
1611 2475 1907 2534 luminum
1952 2478 2149 2551 spatia
2192 2478 2382 2537 fuisse

351 2564 792 2637 iudicabuntur,
837 2564 1024 2623 isdem
1059 2564 1391 2623 rationibus
1428 2564 1714 2623 denticuli
1749 2566 1812 2621 in
1849 2564 2057 2623 ionicis
2093 2566 2378 2625 fenestra-

242 2662 334 2712 (20)
358 2645 503 2727 }rum
549 2655 925 2728 occupavisse
979 2654 1109 2712 loca
1153 2652 1529 2711 videbuntur.
1619 2656 1871 2728 utraque
1918 2654 2075 2712 enim
2122 2658 2182 2713 et
2224 2657 2382 2714 inter

353 2742 684 2801 denticulos
730 2745 791 2801 et
834 2743 991 2801 inter
1043 2741 1380 2819 triglyphos
1430 2760 1580 2817 quae
1636 2744 1775 2799 sunt
1828 2742 2145 2801 intervalla
2194 2748 2379 2803 meto-

351 2852 464 2907 pae
509 2833 907 2890 nominantur.
999 2847 1165 2891 οπαε
1221 2832 1378 2889 enim
1426 2829 1636 2889 Graeci
1688 2831 1993 2906 tignorum
2048 2832 2266 2891 cubilia
2322 2836 2382 2892 et

499 2990 527 3037 1
564 2982 892 3054 proiecturis
922 2982 966 3039 S
992 2984 1110 3065 (ubi
1144 2982 1465 3063 proiectura
1496 2984 1503 3050 Ι
1537 2981 1850 3051 stignorum
1879 2982 1987 3051 H).
2016 2986 2034 3052 ΙΙ
2064 2989 2095 3035 2
2132 2982 2169 3040 1.
2210 2985 2379 3056 adpp.

362 3055 516 3123 (68⁶
551 3055 732 3123 suppl.
765 3055 873 3123 GC).
911 3056 930 3123 ΙΙ
967 3060 999 3106 3
1036 3053 1112 3108 is.
1150 3052 1238 3107 his
1274 3070 1329 3107 x
1370 3055 1387 3121 ΙΙ
1426 3056 1457 3105 7
1496 3051 1707 3106 imitati
1735 3053 1907 3108 Nohl.
1946 3055 2189 3123 tectae(
2169 3058 2244 3127 (e)
2277 3074 2333 3111 x.
2362 3056 2389 3136 ΙΙ

355 3131 389 3178 8
419 3124 786 3195 dispositione
815 3123 1219 3194 (disputatione
1248 3125 1331 3187 S).
1366 3126 1376 3193 Ι
1407 3122 1636 3192 inter(in
1664 3141 1715 3178 a.
1746 3123 2111 3194 αὖθί-,13111118
2137 3128 2217 3196 (-“
2160 3144 2220 3178 -11
2250 3128 2355 3182 GS

355 3195 405 3247 ἃ,
431 3212 665 3265 oparum
702 3198 779 3265 (Γ
724 3214 784 3248 -11
814 3196 870 3263 S,
907 3199 964 3250 et
993 3195 1209 3265 aphau-1
1241 3196 1377 3264 ΘΜ.
1408 3198 1427 3264 ΙΙ
1456 3200 1523 3248 10
1554 3198 1658 3262 (17.
1690 3198 1780 3262 20)
1807 3194 2230 3265 tryclyphorum
2257 3198 2334 3250 H.
2376 3198 2383 3270 Ι

361 3273 426 3319 11
465 3267 809 3321 simaverunt
836 3269 955 3335 (sic)
990 3284 1032 3321 ω
1068 3272 1152 3332 (ut
1188 3269 1418 3335 87,13).
1462 3269 1471 3333 Ι
1510 3265 1598 3319 uti
1633 3266 1919 3336 tignorum
1954 3284 2010 3321 x.
2057 3269 2076 3335 ΙΙ
2125 3273 2191 3320 12
2228 3284 2284 3322 e:
2324 3272 2385 3322 et

357 3340 550 3407 (cant.)
586 3338 641 3392 S.
677 3340 696 3407 ΙΙ
734 3343 800 3390 13
838 3336 1118 3393 coronulis
1153 3354 1208 3391 x.
1247 3339 1265 3406 ΙΙ
1305 3343 1371 3477 1u8
1410 3354 1479 3390 ex
1516 3338 1595 3393 G:
1633 3336 1679 3389 Sc
1713 3338 1839 3392 HS.
1882 3340 1901 3407 ΙΙ
1937 3344 2004 3390 24
2040 3338 2115 3392 is:
2153 3337 2243 3393 his
2280 3357 2335 3394 x.
2364 3341 2384 3411 Η

359 3414 428 3461 26
464 3408 684 3463 hisdem
719 3410 830 3479 (13.1
877 3407 1178 3463 denticulis
1213 3414 1465 3461 41127
1504 3407 1729 3477 utrique
1764 3426 1820 3463 x.
1866 3411 1913 3530 ὲ
1950 3414 2017 3461 28
2055 3410 2383 3479 trycluphos

363 3478 438 3532 H.
491 3482 502 3547 Ι
547 3478 809 3548 metophe
845 3497 885 3533 x
921 3479 1170 3548 (methop
1171 3478 1242 3533 he
1279 3480 1345 3546 S,
1390 3480 1485 3533 sed
1526 3478 1829 3533 intervalla
1911 3478 2059 3548 ophe
2102 3483 2184 3535 sic
2221 3482 2326 3549 H).
2364 3481 2385 3553 ΙΙ

362 3555 430 3603 29
469 3549 646 3619 ophas
673 3553 780 3618 (11.1
820 3549 1032 3605 cubilia
1059 3551 1238 3605 Maon:
1277 3548 1537 3604 cubicula
1571 3568 1613 3605 a:
1647 3552 1731 3619 (ut
1770 3552 1823 3606 G·
1852 3569 1909 3668 Ρ
1940 3554 2032 3618 46,
2053 3554 2206 3621 21).
