2664 3927
2242 5 2639 14 νὴ

796 183 891 237 DE
929 182 1491 239 ARCHITECTURA
1527 184 1659 239 LIB.
1698 184 1790 253 VI,
1830 191 1857 237 1
2214 185 2338 251 133

311 335 377 394 in
428 335 540 394 hoc
595 333 896 394 volumine
949 333 1322 409 privatorum
1385 334 1787 396 aedificiorum
1850 335 2336 398 ratiocinationes

312 428 375 485 et
420 442 796 483 commensus
835 424 1316 498 symmetriarum
1362 423 1684 500 explicabo.

444 513 610 572 Haec
645 515 846 571 autem
880 512 971 570 ita
1007 515 1185 570 erunt
1221 515 1381 571 recte
1418 513 1726 589 disposita,
1763 513 1815 572 si
1847 513 2039 590 primo
2068 516 2334 575 animad-
2368 527 2394 579 I

310 621 544 662 versum
590 602 774 661 fuerit
818 600 1034 676 quibus
1069 601 1412 680 regionibus
1453 605 1559 661 aut
1597 602 1812 679 quibus
1848 603 2336 664 inclinationibus

255 709 281 750 5
308 691 516 750 mundi
553 691 1011 750 constituantur.
1085 709 1346 766 namque
1375 691 1550 750 aliter
1576 691 1877 770 Aegypto,
1914 692 2091 752 aliter
2118 693 2336 770 Hispa-

197 789 289 842 (15)
309 781 429 858 nia,
470 775 478 859 Ι
517 799 638 839 non
694 778 900 838 eodem
952 778 1128 838 modo
1182 778 1402 854 Ponto,
1457 780 1828 840 dissimiliter
1880 781 2129 858 Romae,
2189 783 2338 842 item

308 870 521 929 ceteris
557 871 852 926 terrarum
889 870 950 926 et
983 866 1296 944 regionum
1331 869 1801 944 proprietatibus
1831 873 2104 946 oportere
2132 872 2335 931 viden-

307 963 410 1018 tur
472 957 758 1017 constitui
812 975 1029 1033 genera
1087 955 1515 1032 aedificiorum,
1578 959 1737 1034 quod
1792 959 1914 1018 alia
1966 963 2139 1035 parte
2194 961 2336 1020 solis

309 1066 485 1107 cursu
537 1046 829 1123 premitur
880 1045 1086 1120 tellus,
1141 1045 1264 1104 alia
1317 1046 1493 1122 longe
1548 1046 1624 1105 ab
1671 1064 1740 1105 eo
1787 1048 1999 1122 distat,
2056 1050 2178 1109 alia
2231 1069 2339 1126 per

227 1155 282 1194 ιο
308 1136 570 1196 medium
605 1138 990 1210 temperatur.
1063 1134 1250 1211 igitur
1284 1135 1378 1193 uti
1416 1134 1760 1194 constitutio
1795 1137 2005 1196 mundi
2035 1138 2110 1196 ad
2139 1142 2337 1198 terrae

196 1236 287 1287 (20)
309 1225 572 1300 spatium
616 1216 1019 1305 inlclinatione
1066 1223 1337 1300 signiferi
1382 1224 1587 1282 circuli
1634 1225 1694 1282 et
1741 1225 1883 1284 solis
1923 1244 2101 1285 cursu
2137 1227 2336 1304 dispa-

306 1314 472 1372 ribus
531 1313 922 1389 qualitatibus
976 1312 1337 1372 naturaliter
1391 1315 1482 1372 est
1541 1313 1875 1389 conlocata,
1942 1314 2017 1372 ad
2083 1317 2339 1376 eundem

307 1403 549 1462 modum
611 1403 795 1461 etiam
859 1401 935 1460 ad
997 1401 1310 1479 regionum
1370 1402 1632 1462 rationes
1690 1402 1958 1477 caelique
2014 1405 2337 1465 varietates

306 1493 585 1552 videntur
651 1490 1055 1551 aedificiorum
1125 1491 1337 1550 debere
1411 1491 1591 1569 dirigi
1662 1491 2117 1552 conlocationes.
2228 1493 2337 1554 sub
2377 1510 2409 1556 2

224 1599 278 1640 15
307 1582 709 1658 septentrione
767 1580 1033 1639 aedificia
1087 1579 1459 1639 testudinata
1515 1583 1575 1639 et
1627 1581 1881 1640 maxime
1938 1582 2215 1641 conclusa
2278 1585 2339 1642 et

188 1680 286 1732 (2⁵)
305 1691 425 1730 non
461 1670 734 1746 patentia
771 1669 873 1728 sed
911 1688 1192 1728 conversa
1230 1670 1307 1729 ad
1349 1663 1357 1747 Ι
1400 1669 1621 1729 calidas
1658 1672 1859 1745 partes
1898 1673 2169 1745 oportere
2206 1671 2336 1730 fieri

304 1760 602 1819 videntur.
695 1762 902 1817 contra
956 1761 1158 1816 autem
1212 1757 1319 1817 sub
1375 1757 1607 1834 impetu
1660 1758 1804 1818 solis
1857 1758 2201 1819 meridianis
2248 1780 2337 1820 re-

306 1846 599 1925 gionibuS,
647 1847 807 1922 quod
840 1848 1193 1922 premuntur
1229 1865 1264 1906 a
1303 1848 1517 1921 calore,
1557 1849 1899 1923 patentiora
1936 1866 2337 1926 conversaque

308 1936 388 1997 ad
439 1936 904 2013 septentrionem
959 1938 1020 1995 et
1073 1936 1417 2012 aquilonem
1462 1939 1601 1997 sunt
1654 1937 1951 1997 faciunda.
2042 1937 2131 1998 ita
2180 1940 2338 2016 quod

226 2045 280 2085 20
307 2026 469 2084 ultra
513 2028 732 2084 natura
777 2025 982 2100 laedit,
1028 2028 1156 2085 arte
1204 2027 1319 2084 erit
1365 2026 1816 2085 emendandum.
1896 2027 2049 2086 item
2089 2029 2338 2105 reliquis

191 2124 287 2176 (3⁰)
305 2114 646 2192 regionibus
693 2114 770 2171 ad
815 2113 1068 2173 eundem
1112 2116 1355 2174 modum
1399 2110 1658 2193 (debet)
1704 2117 2046 2192 temperari,
2086 2112 2095 2195 Ι
2138 2137 2339 2194 quem-

307 2204 626 2263 admodum
672 2203 903 2262 caelum
948 2206 1038 2263 est
1083 2205 1160 2262 ad
1204 2204 1655 2264 inclinationem
1699 2205 1906 2264 mundi
1945 2206 2335 2265 conlocatum.

439 2293 602 2351 Haec
648 2295 850 2351 autem
895 2312 966 2351 ex
1008 2296 1230 2351 natura
1276 2312 1477 2351 rerum
1522 2298 1661 2353 sunt
1707 2293 2235 2354 animadvertenda
2272 2299 2332 2354 et
2375 2310 2407 2355 3

305 2380 737 2443 consideranda
783 2384 964 2458 atque
1011 2383 1193 2441 etiam
1239 2402 1310 2441 ex
1355 2383 1634 2442 membris
1682 2383 2142 2460 corporibusque
2195 2404 2334 2463 gen-

162 2481 284 2536 185
304 2472 456 2531 tium
498 2466 506 2550 Ι
549 2470 932 2530 observanda.
1027 2491 1284 2546 namque
1341 2472 1430 2531 sol
1487 2471 1701 2547 quibus
1758 2472 1903 2532 locis
1961 2472 2340 2534 mediceriter

225 2583 279 2623 26
304 2560 616 2638 profundit
675 2578 953 2635 vapores,
1017 2562 1080 2618 in
1142 2561 1236 2619 his
1300 2564 1613 2621 conservat
1675 2580 1922 2637 corpora
1986 2565 2338 2640 temperata,

307 2669 577 2727 quaeque
622 2650 888 2725 proxime
935 2650 1219 2708 currendo
1267 2650 1575 2727 deflagrat,
1623 2650 1802 2726 eripit
1848 2653 2147 2711 exurendo
2190 2656 2337 2713 tem-

303 2742 651 2816 peraturam
712 2740 952 2799 umoris.
1062 2742 1269 2797 contra
1332 2757 1473 2799 vero
1546 2739 1915 2815 refrigeratis
1979 2741 2337 2819 regionibuS‚

223 2838 285 2891 (5)
307 2828 467 2905 quod
513 2827 730 2887 absunt
775 2846 810 2885 a
847 2827 1092 2886 meridie
1135 2819 1143 2907 Ι
1183 2828 1380 2905 longe,
1426 2848 1546 2888 non
1584 2828 1929 2887 exhauritur
1966 2849 2003 2889 a
2040 2831 2336 2891 caloribus

221 2939 278 2980 ³0
303 2936 490 2992 umor,
537 2916 641 2975 sed
689 2936 758 2975 ex
804 2917 968 2975 caelo
1015 2917 1278 2976 roscidus
1327 2936 1430 2975 aer
1474 2918 1537 2975 in
1584 2936 1833 2993 corpora
1878 2919 2131 2979 fundens
2171 2940 2336 2981 umo-

304 3026 431 3066 rem
486 3005 670 3065 efficit
724 3006 1042 3082 ampliores
1098 3009 1514 3082 corporaturas
1568 3008 1847 3084 vocisque
1914 3008 2142 3068 sonitus
2203 3030 2337 3088 gra-

302 3097 513 3156 viores,
597 3115 670 3154 ex
715 3114 783 3155 eo
833 3114 1068 3171 quoque
1107 3114 1260 3172 quae
1305 3095 1413 3155 sub
1453 3096 1954 3171 septentrionibus
1991 3099 2338 3158 nutriuntur

447 3271 479 3319 5
516 3265 744 3330 hispani
806 3265 861 3321 S.
903 3268 922 3336 ΙΙ
966 3270 1028 3319 11
1069 3264 1128 3319 in
1165 3263 1535 3319 inclinatione
1572 3282 1627 3319 ω.
1674 3267 1693 3334 ΙΙ
1741 3270 1807 3319 18
1846 3266 2021 3335 quod:
2060 3265 2196 3334 quia
2224 3267 2277 3322 S.
2317 3268 2337 3341 ΙΙ

306 3342 371 3390 19
401 3336 669 3391 faciunda
763 3336 840 3392 G:
869 3337 1042 3391 -enda
1061 3336 1179 3392 ES.
1209 3338 1228 3407 ΙΙ
1257 3342 1325 3390 20
1355 3334 1507 3391 ultra
1526 3335 1595 3390 H
1599 3337 1745 3392 EG:
1774 3335 1922 3391 ultro
1944 3336 1998 3392 S.
2027 3338 2046 3407 ΙΙ
2074 3344 2139 3390 21
2165 3337 2339 3393 debet

302 3424 403 3463 om.
432 3425 472 3463 x
504 3410 593 3477 (cf.
616 3424 678 3477 p.
710 3412 838 3475 118,
853 3412 945 3462 27.
981 3412 1114 3475 277,
1138 3410 1241 3477 12).
1271 3410 1290 3477 ΙΙ
1318 3413 1385 3461 27
1425 3407 1742 3477 deflagrant
1777 3426 1832 3463 x.
1862 3410 1881 3477 ΙΙ
1909 3412 1976 3461 28
2015 3410 2213 3463 contra
2247 3427 2336 3465 re-

303 3477 602 3547 frigeratas
634 3494 766 3532 vero
802 3477 1060 3547 regiones
1099 3478 1235 3547 quia
1265 3521 1277 3533 .
1310 3522 1322 3535 .
1347 3502 1367 3533 ·.
1399 3479 1452 3535 S.
1484 3481 1502 3548 ΙΙ
1530 3483 1596 3531 29
1637 3478 1917 3533 coloribus
1946 3478 2022 3533 H.
2052 3481 2071 3549 ΙΙ
2100 3485 2168 3534 30
2204 3482 2335 3538 fun-

305 3549 446 3602 dans
476 3549 552 3603 H.
595 3551 614 3618 ΙΙ
655 3554 722 3602 32
762 3566 908 3616 quae
945 3566 1046 3606 om.
1075 3567 1132 3605 x.
