2664 3927
815 180 913 235 DE:
949 180 1509 236 ARCHITECTURA
1544 181 1676 237 Lm.
1713 180 1807 249 111,
1845 143 1909 233 δ’
2273 179 2354 242 77

337 337 481 394 tunc
509 332 836 393 crassitudo
874 331 1189 392 dividenda
1225 333 1316 390 est
1351 332 1415 389 in
1449 333 1649 407 partes
1685 350 1900 389 novem
1938 333 1997 389 et
2033 329 2358 406 dimidiam,

339 427 402 482 et
437 422 757 483 secundum
794 420 1042 480 abacum
1078 421 1142 479 in
1179 422 1464 496 quattuor
1488 419 1761 495 partibus
1788 420 2129 478 volutarum
2156 437 2356 478 secun·

339 512 483 570 dum
529 510 775 570 extu-emi
820 509 989 569 abaci
1034 509 1320 584 quadram
1375 508 1569 567 lineae
1616 508 2015 567 demittendae
2062 527 2215 583 quae
2266 527 2359 567 ca-

236 611 324 664 (25)
343 602 544 660 thetoe
589 599 881 658 dicuntur.
953 601 1095 656 tunc
1141 617 1211 656 ex
1255 616 1468 657 novem
1510 589 1799 679 partilbus
1847 600 1907 656 et
1950 596 2197 656 dimidia
2241 615 2361 654 una

289 710 314 751 5
340 709 480 766 pars
527 692 588 748 et
624 687 870 746 dimidia
915 687 1086 746 abaci
1131 685 1457 746 crassitudo
1493 685 1884 762 relinquatur,
1927 686 2192 761 reliquae
2230 688 2362 744 octo

341 777 561 838 volutis
608 776 1062 836 constituantur.
1133 778 1275 834 tunc
1321 775 1397 834 ab
1443 775 1603 834 linea
1650 793 1801 850 quae
1840 775 2157 834 secundum
2192 773 2365 833 abaci
2402 789 2432 835 6

342 871 666 927 extremam
701 868 936 941 partem
972 864 1227 923 demissa
1253 864 1385 939 erit,
1422 863 1487 922 in
1521 864 1863 922 interiorem
1898 866 2131 939 partem
2156 857 2363 942 (alia)

242 967 316 1022 79
343 956 582 1016 recedat
623 955 798 1012 unius
847 957 908 1013 et
951 953 1297 1012 dimidiatae
1342 953 1532 1028 partis
1578 944 1930 1034 latifftudine.
2004 952 2213 1010 deinde
2260 971 2363 1010 eae

342 1046 537 1105 lineae
595 1043 939 1102 dividantur
990 1041 1080 1100 ita
1133 1044 1203 1100 ut
1257 1044 1542 1117 quattuor
1585 1044 1786 1116 partes
1843 1044 1903 1100 et
1956 1041 2203 1099 dimidia
2258 1041 2363 1100 sub

263 1156 317 1195 io
345 1133 530 1192 abaco
585 1133 1016 1207 relinquantur.
1114 1134 1256 1189 tunc
1309 1131 1375 1188 in
1431 1149 1497 1190 eo
1553 1130 1711 1205 loc0,
1776 1130 1879 1207 qui
1934 1131 2095 1188 locus
2151 1130 2367 1189 dividit

348 1225 631 1298 quattuor
672 1224 733 1280 et
768 1220 1076 1282 dimidiam
1113 1223 1174 1278 et
1208 1222 1328 1278 tres
1366 1221 1428 1278 et
1462 1217 1771 1277 dimidiam
1805 1221 2053 1294 partem,
2100 1221 2367 1278 centrum

265 1321 328 1373 (5)
347 1311 504 1371 oculi
547 1305 888 1388 (ponatur)
933 1310 1316 1386 signeturque
1372 1326 1442 1366 ex
1499 1327 1567 1367 eo
1626 1309 1827 1366 centro
1881 1307 2135 1366 rotunda
2181 1299 2364 1389 cirlci-

346 1399 513 1460 natio
576 1402 704 1457 tam
755 1417 974 1476 magna
1027 1398 1091 1456 in
1145 1397 1436 1471 diametro
1492 1415 1673 1473 quam
1724 1415 1845 1454 una
1898 1414 2038 1471 pars
2094 1414 2163 1454 ex
2232 1399 2365 1456 octo

346 1488 616 1565 partibus
673 1491 780 1547 est.
871 1505 949 1546 ea
997 1486 1110 1546 erit
1165 1486 1321 1546 oculi
1376 1485 1727 1564 magnitudo
1784 1488 1845 1544 et
1894 1485 1960 1542 in
2015 1503 2084 1544 ea
2132 1485 2366 1544 catheto

268 1599 320 1639 15
347 1577 706 1653 respondens
752 1576 1070 1635 diametros
1125 1579 1356 1652 agatur.
1445 1578 1588 1633 tunc
1634 1574 1709 1632 ab
1756 1593 1982 1632 summo
2028 1573 2136 1632 sub
2184 1573 2368 1633 abaco

347 1667 583 1742 incepto
617 1666 681 1723 in
717 1665 967 1742 singulis
1003 1666 1403 1723 tetrantorum
1438 1663 1771 1723 actionibus
1808 1663 2185 1721 dimidiatum
2213 1662 2368 1721 oculi

347 1755 611 1831 spatium
668 1755 990 1827 minuatur,
1034 1753 1304 1828 doneque
1348 1753 1413 1811 in
1458 1753 1708 1812 eundem
1752 1754 2072 1811 tetrantem
2128 1751 2233 1826 qui
2280 1754 2369 1810 est

243 1855 332 1906 (10)
351 1843 458 1902 sub
526 1842 708 1901 abaco
749 1834 758 1921 Ι
797 1842 1086 1901 veniatur.
1189 1841 1441 1917 capituli
1506 1844 1703 1900 autem
1756 1840 2085 1900 crassitudo
2140 1840 2224 1898 sic
2279 1843 2369 1898 est
2406 1857 2434 1903 7

350 1930 623 1991 facienda
658 1933 728 1989 ut
765 1949 833 1989 ex
869 1949 1082 1989 novem
1116 1931 1389 2006 partibus
1429 1932 1489 1990 et
1523 1929 1770 1989 dimidia
1806 1933 1926 1989 tres
1962 1932 2163 2005 partes
2198 1947 2367 2005 prae·

271 2041 326 2081 20
351 2019 650 2097 pendeant
693 2020 850 2077 infra
886 2021 1254 2097 astragalum
1289 2020 1506 2078 summi
1542 2020 1723 2095 scapi,
1768 2019 2044 2095 cymatio,
2090 2019 2367 2094 adempto

351 2110 536 2169 abaco
575 2112 636 2167 et
672 2109 884 2184 canali,
919 2109 1153 2183 reliqua
1189 2109 1268 2167 sit
1303 2127 1461 2184 pars.
1523 2109 1860 2183 proiectura
1897 2110 2097 2166 autem
2122 2108 2369 2183 cymatii

349 2198 571 2257 habeat
626 2200 790 2255 extra
845 2196 1016 2255 abaci
1060 2197 1352 2273 quadram
1397 2198 1554 2256 oculi
1598 2196 2085 2273 magnitudinem.
2174 2196 2367 2271 pulvi-

244 2299 333 2351 (15)
351 2306 564 2347 norum
624 2286 812 2344 baltei
874 2286 948 2343 ab
1013 2285 1197 2344 abaco
1237 2279 1246 2364 Ι
1285 2286 1439 2344 hanc
1500 2284 1761 2344 habeant
1821 2285 2218 2360 proiecturam
2279 2286 2370 2343 uti

352 2376 559 2435 circini
604 2378 872 2434 centrum
915 2393 1098 2432 unum
1144 2394 1278 2433 cum
1313 2374 1395 2433 sit
1428 2374 1691 2450 positum
1726 2374 1788 2431 in
1826 2374 2074 2449 capituli
2109 2376 2369 2431 tetrante
2424 2442 2429 2448 ¹

271 2485 324 2526 25
352 2469 413 2525 et
449 2466 704 2523 alterum
740 2464 1052 2522 diducatur
1088 2462 1161 2521 ad
1202 2466 1529 2538 extremum
1564 2462 1906 2538 cymatium,
1948 2462 2372 2521 cimumactum

351 2554 686 2614 balteorum
749 2556 1038 2611 extremas
1101 2554 1302 2628 partes
1366 2554 1594 2628 tangat.
1696 2569 1831 2609 axes
1896 2552 2234 2610 volutarum
2296 2570 2371 2609 ne

354 2642 667 2702 crassiores
731 2642 853 2701 sint
916 2660 1096 2718 quam
1159 2640 1315 2700 oculi
1367 2640 1715 2717 magnitudo
1728 2685 1743 2715 ,
1796 2640 2151 2715 volutaeque
2205 2640 2371 2714 ipsae

247 2741 335 2794 (20)
355 2731 732 2791 succidantur
767 2730 844 2789 ad
881 2730 1216 2788 altitudinis
1255 2748 1395 2788 suae
1432 2720 1859 2811 duosdecimam
1900 2730 2149 2804 partem.
2225 2728 2371 2786 haec

497 2870 528 2918 3
568 2863 961 2933 dimittendae(
1025 2863 1155 2933 GS)
1191 2880 1246 2917 x.
1280 2862 1288 2935 Ι
1321 2862 1580 2917 cathetoe
1617 2879 1672 2917 x.
1702 2866 1721 2931 ΙΙ
1750 2867 1779 2914 7
1819 2862 1930 2932 d1(e
1962 2860 2230 2932 G⁰)missa
2264 2878 2321 2915 x.
2358 2861 2365 2932 Ι

355 2935 472 2989 alia
507 2952 608 2990 om.
646 2953 702 2990 x.
731 2938 750 3005 ΙΙ
777 2940 809 2989 8
849 2950 914 2989 ae
952 2880 1069 3004 {abi
1104 2932 1306 2987 deinde
1345 2932 1618 3003 aelineae)
1657 2933 1743 2988 H:
1780 2931 1819 2985 h
1886 2932 2001 2988 GS.
2038 2934 2057 3002 ΙΙ
2102 2937 2168 2985 10
2203 2930 2371 2986 relin-

354 3008 601 3074 quantur
629 3007 706 3062 G':
749 3008 980 3075 -quatur
1008 3004 1077 3058 H
1081 3004 1133 3060 S.
1162 3006 1180 3073 ΙΙ
1211 3011 1274 3058 12
1313 3006 1557 3074 ponatur
1592 3022 1692 3059 om.
1729 3022 1783 3059 x.
1821 3006 1830 3073 Ι
1879 3010 1946 3057 14
1981 3002 2371 3085 magnitudine

353 3096 408 3133 x.
443 3079 451 3149 Ι
485 3078 751 3131 catheton
779 3078 835 3145 S,
871 3076 1170 3131 cathecton
1199 3076 1339 3131 GH.
1370 3077 1388 3145 ΙΙ
1418 3081 1485 3130 15
1514 3075 1586 3130 ab
1616 3076 1685 3130 H
1692 3076 1769 3131 G:
1800 3091 1834 3129 a
1863 3076 1915 3130 S.
1944 3076 1964 3144 ΙΙ
1994 3080 2059 3127 16
2087 3076 2372 3144 inceptum

355 3151 485 3219 (-t1'1)
521 3165 576 3203 x.
627 3149 636 3219 Ι
686 3150 1082 3203 tetrantorum:
1121 3148 1239 3217 (sic)
1268 3164 1324 3202 ω.
1380 3148 1400 3217 ΙΙ
1458 3152 1521 3200 17
1562 3146 1813 3215 doneque
1852 3147 2099 3215 (Hermes
2124 3157 2188 3203 11,
2215 3147 2370 3214 468):

356 3218 598 3286 denique
633 3237 674 3274 ω
710 3219 971 3289 (deinque
1002 3220 1114 3288 62⁰).
1160 3220 1178 3286 ΙΙ
1230 3224 1294 3272 18
1334 3218 1438 3272 sub
1476 3217 1654 3272 abaco
1691 3218 1881 3287 (subco
1914 3218 1985 3285 G)
2023 3215 2215 3270 veniat
2246 3216 2370 3271 GS:

356 3300 640 3381 subaffeon
677 3324 874 3379 veniat
900 3325 976 3381 H.
1031 3326 1050 3395 ιι
1107 3329 1175 3377 20
1213 3325 1419 3395 adepto
1454 3343 1508 3380 x.
1538 3328 1557 3393 ιι
1585 3330 1648 3377 21
1691 3323 1900 3392 cymati
1928 3323 1996 3377 H
2026 3321 2139 3389 (-tii
2172 3322 2317 3393 es).
2354 3322 2374 3393 ιι

355 3402 422 3451 22
461 3397 636 3451 habet
671 3403 798 3450 ante
833 3414 970 3451 corr.
1000 3398 1054 3452 S.
1097 3399 1116 3466 ΙΙ
1156 3400 1223 3449 23
1263 3396 1336 3450 ab
1368 3397 1444 3452 G:
1483 3414 1583 3451 om.
1614 3395 1741 3449 HS.
1788 3396 1808 3463 ΙΙ
1857 3398 1924 3447 25
1963 3392 2263 3447 diducatur
2293 3393 2370 3448 G:

356 3468 667 3522 deducatur
694 3466 810 3522 HS
841 3468 960 3534 (ubi
993 3469 1036 3523 t.
1075 3467 1385 3521 deducatur
1422 3468 1468 3521 a
1504 3466 1687 3520 alten-1
1715 3466 1800 3535 S).
1837 3467 1857 3534 ΙΙ
1893 3469 1961 3517 26
1998 3480 2091 3517 ne:
2130 3480 2233 3519 nec
2269 3482 2325 3519 x.
2352 3464 2373 3534 ΙΙ

358 3544 422 3592 27
463 3538 498 3593 i.
539 3538 618 3591 sic
656 3541 772 3611 ce(e
803 3538 1105 3607 G0)dantur
1140 3538 1458 3593 altitudinis
1495 3556 1549 3592 x.
1580 3539 1693 3607 1128
1729 3536 1871 3589 haec
1907 3534 2033 3609 (hec
2062 3534 2127 3605 S)
2163 3553 2218 3591 ω.
