2664 3927
835 202 932 256 DE
970 200 1533 258 ARCHITECTURA
1568 203 1700 259 LIB.
1737 204 1778 274 I,
1820 211 1849 258 1
2307 205 2351 268 5

198 364 314 432 ,(Ιθ)
331 353 547 429 parati.
639 353 847 430 itaque
904 372 975 412 ex
1019 372 1088 412 eo
1132 353 1313 414 multi
1359 356 1591 413 statuas
1637 354 1906 414 Persicas
1946 353 1955 427 Ι
1996 355 2353 416 sustinentes

334 442 617 518 epistylia
664 444 724 501 et
770 445 1119 501 ornamenta
1165 463 1370 503 eorum
1406 445 1882 519 conlocaverunt,
1929 446 1990 502 et
2032 444 2123 502 ita
2168 465 2238 503 ex
2284 464 2353 505 eo

334 533 685 609 arg-umento
739 530 1061 590 varietates
1127 532 1395 610 egregias
1462 535 1759 592 auxerunt
1815 532 2108 609 operibus.
2206 533 2355 592 item

333 622 476 679 sunt
539 620 693 679 aliae
758 619 1021 678 eiusdem
1082 622 1313 696 generis
1376 621 1687 698 historiae,
1762 640 2014 698 quarum
2075 621 2354 682 notitiam

280 729 305 770 5
335 708 686 768 architectos
733 710 934 766 tenere
983 711 1234 784 oportet.
1307 711 1685 787 philosophia
1720 730 1859 771 vero
1897 710 2129 788 perficit
2164 711 2352 769 archi·
2392 725 2423 774 7

331 801 560 857 tectum
605 797 803 856 animo
849 815 1064 874 magno
1113 800 1173 855 et
1217 799 1312 856 uti
1356 818 1473 858 non
1520 800 1600 859 sit
1645 800 1958 877 adrogans,
2004 799 2108 859 sed
2151 799 2355 875 potius

223 899 314 951 (15)
338 879 566 968 {facilis
613 903 838 961 aequus
875 887 936 943 et
980 885 1169 944 fidelis
1207 886 1332 946 sine
1371 888 1646 962 avaritia,
1690 889 1850 965 quod
1886 892 1977 948 est
2011 888 2357 965 maximum,

333 976 568 1034 nullum
624 974 780 1032 enim
827 992 973 1050 opus
1019 993 1156 1034 vere
1202 975 1328 1034 sine
1373 976 1487 1035 fide
1504 979 1596 1034 'et
1640 978 1919 1037 castitate
1963 978 2093 1037 fieri
2138 981 2353 1053 potest.

333 1084 408 1122 ne
473 1063 552 1123 sit
615 1062 864 1138 cupidus
926 1083 1120 1140 neque
1183 1063 1248 1121 in
1308 1065 1653 1124 muneribus
1718 1067 2075 1143 accipiendis
2134 1067 2357 1126 habeat

253 1175 306 1213 10
336 1153 600 1212 animum
675 1156 1059 1227 occupatum,
1133 1153 1236 1211 sed
1309 1171 1447 1211 cum
1517 1153 1814 1230 gravitate
1879 1174 2046 1215 suam
2108 1157 2357 1215 tueatur

336 1240 691 1318 dignitatem
743 1241 961 1299 bonam
1015 1242 1240 1300 famam
1284 1241 1572 1301 habendo.
1666 1245 1725 1300 et
1768 1243 1915 1302 haec
1960 1245 2118 1302 enim
2162 1245 2354 1320 philo-

223 1341 315 1391 (20)
336 1328 546 1405 sophia
579 1330 942 1405 praescribit.
987 1323 994 1412 Ι
1035 1333 1345 1406 praeterea
1382 1331 1454 1388 de
1490 1349 1691 1388 rerum
1718 1333 1935 1389 natura
1961 1350 2117 1407 quae
2145 1352 2356 1410 graece

335 1417 712 1492 φυειολογια
748 1418 966 1478 dieitur
1010 1419 1389 1497 philosophia
1436 1419 1709 1495 explicat,
1756 1438 1939 1495 quam
1983 1438 2218 1479 necesse
2266 1425 2357 1481 est

333 1506 651 1567 studiosius
697 1508 950 1582 novisse,
996 1509 1158 1584 quod
1200 1509 1385 1567 habet
1432 1510 1657 1568 multas
1704 1512 1764 1568 et
1808 1509 2006 1569 varias
2051 1509 2356 1569 naturales

248 1616 304 1656 15
332 1597 724 1672 quaestiones,
771 1600 840 1655 ut
887 1597 1070 1655 etiam
1105 1598 1169 1655 in
1204 1617 1502 1674 aquarum
1540 1597 1935 1657 ductionibus,
2017 1597 2356 1658 incursibus

333 1686 491 1744 enim
537 1688 598 1745 et
644 1685 1153 1745 circumitionibus
1200 1690 1261 1745 et
1314 1687 1537 1745 librata
1581 1687 1833 1762 planitie
1881 1686 2357 1763 expressionibus

221 1786 312 1838 (25)
333 1775 580 1849 spiritus
625 1776 932 1834 naturales
979 1775 1156 1834 aliter
1196 1766 1396 1856 atique
1443 1776 1619 1834 aliter
1653 1776 1827 1851 fiunt,
1873 1794 2129 1851 quorum
2175 1777 2356 1835 offen-

335 1862 596 1921 sionibus
669 1863 895 1922 mederi
965 1883 1136 1924 nemo
1199 1864 1423 1940 poterit
1495 1864 1612 1924 nisi
1677 1866 1781 1940 qui
1845 1884 1916 1923 ex
1977 1864 2357 1941 philosophia

332 1950 629 2027 principia
682 1972 881 2011 rerum
935 1955 1186 2012 naturae
1239 1953 1488 2013 noverit.
1578 1953 1727 2013 item
1782 1954 1887 2030 qui
1946 1952 2190 2014 Ctesibii
2246 1957 2357 2014 aut

252 2062 305 2101 20
332 2039 704 2098 Archimedis
764 2045 823 2100 et
877 2044 1207 2101 ceterorum
1261 2044 1368 2119 qui
1425 2042 1688 2102 eiusdem
1743 2044 1974 2120 generis
2033 2047 2357 2121 praecepta

256 2140 294 2193 6
332 2127 807 2204 conscripserunt
859 2130 1044 2207 leget,
1099 2131 1319 2190 sentire
1374 2150 1495 2190 non
1548 2132 1769 2207 poterit
1822 2132 1937 2191 nisi
1992 2133 2084 2191 his
2126 2128 2135 2211 1
2175 2134 2354 2192 rebus

332 2237 368 2276 a
404 2217 773 2293 philosophis
811 2218 926 2276 erit
961 2219 1290 2279 institutus.
1363 2220 1629 2279 musicen
1666 2224 1865 2279 autem
1902 2220 2054 2280 sciat
2098 2226 2353 2297 oportet,
2389 2236 2424 2287 8

330 2307 425 2365 uti
471 2306 816 2366 canonicam
869 2308 1161 2367 rationem
1217 2311 1277 2367 et
1329 2310 1814 2369 mathematicam
1864 2313 2069 2369 notam
2114 2310 2354 2387 habeat,

328 2398 640 2471 praeterea
693 2394 1072 2455 ballistarum
1127 2399 1571 2474 catapultarum
1626 2398 2000 2475 scorpionum
2057 2401 2355 2477 tempera-

248 2506 300 2547 25
328 2486 495 2543 turas
559 2484 749 2561 possit
809 2487 969 2543 recte
1031 2486 1242 2545 facere.
1342 2487 1405 2545 in
1471 2488 1752 2563 capitulis
1808 2488 1967 2547 enim
2020 2489 2228 2548 dextra
2282 2507 2355 2549 ac

249 2588 309 2639 (5)
331 2574 573 2632 sinistra
613 2567 621 2652 Ι
663 2576 802 2632 sunt
843 2574 1140 2634 foramina
1173 2576 1652 2651 hemitoniorum,
1692 2595 1800 2651 per
1834 2595 1989 2652 quae
2024 2579 2355 2639 tenduntur

330 2662 550 2721 suculis
609 2665 669 2721 et
721 2663 988 2722 vectibus
1045 2682 1076 2721 e
1129 2684 1310 2724 nervo
1366 2666 1510 2723 torti
1573 2666 1774 2739 funes,
1839 2666 1946 2741 qui
2008 2686 2127 2725 non
2179 2686 2350 2742 prae-

330 2751 655 2809 cluduntur
698 2771 806 2810 nec
859 2751 1277 2829 praeligantur
1320 2754 1437 2812 nisi
1483 2753 1713 2812 sonitus
1760 2753 1839 2810 ad
1885 2754 2129 2813 artificis
2175 2774 2353 2814 aures

329 2843 519 2899 certos
574 2842 635 2898 et
689 2841 967 2918 aequales
1019 2841 1284 2900 fecerint.
1375 2840 1651 2900 bracchia
1706 2841 1864 2899 enim
1920 2862 2076 2916 quae
2130 2843 2193 2901 in
2249 2862 2349 2903 eas
2414 2860 2420 2863 ·

247 2955 300 2994 ao
328 2929 476 2988 tenti
485 2948 624 2987 ones
651 2930 1055 3004 includuntur,
1079 2950 1214 2989 cum
1241 2931 1654 3005 extenduntur,
1682 2930 2013 3005 aequaliter
2040 2934 2100 2991 et
2123 2932 2353 3009 pariter

473 3211 499 3258 1
521 3202 688 3259 multi
713 3205 837 3261 GS:
857 3206 1050 3261 multis
1069 3211 1196 3261 ante
1214 3221 1324 3260 raa
1343 3206 1417 3259 H.
1438 3204 1509 3279 115
1530 3208 1789 3278 oporteat
1804 3206 1985 3279 ω.1113
2004 3206 2163 3278 phy(i
2173 3205 2351 3288 spsios-

326 3274 482 3347 logia
509 3276 578 3330 H
581 3276 639 3344 S,
673 3276 993 3347 phisioloya
1023 3277 1088 3333 G.
1125 3276 1133 3349 1
1166 3275 1432 3346 (dicitur.)
1469 3292 1576 3350 que
1614 3280 1742 3333 add.
1773 3278 1825 3334 S.
1855 3280 1876 3347 11
1906 3283 1970 3331 16
2009 3277 2349 3332 circuitioni-

323 3346 432 3401 bus
477 3364 532 3402 ω.
586 3351 606 3415 11
663 3353 727 3400 19
776 3347 1022 3403 ctesibiiz
1075 3350 1291 3418 cum(ct'i
1329 3347 1683 3418 GS)thesbia
1718 3366 1772 3404 x.
1828 3351 1847 3418 11
1903 3354 1970 3402 23
2016 3348 2101 3402 uti
2145 3352 2167 3400 1
2214 3349 2347 3421 (vel)

327 3418 597 3472 canonica
630 3418 682 3472 G
719 3419 830 3487 (sed
864 3435 1016 3475 eraso
1053 3422 1080 3472 t
1113 3435 1288 3489 supra
1323 3436 1423 3475 scr.
1453 3422 1480 3473 1
1516 3426 1722 3474 canora
1753 3420 1869 3490 GC).
1898 3421 1918 3489 11
1946 3425 2013 3473 26
2050 3418 2347 3474 emitonio-

325 3506 450 3542 rum
485 3488 554 3542 H
559 3488 612 3544 S.
641 3490 662 3558 11
689 3494 755 3542 27
795 3489 1030 3545 surculis
1066 3508 1121 3545 ω.
1150 3492 1170 3560 11
1197 3495 1266 3544 29
1302 3489 1540 3545 fecerint
1570 3490 1694 3547 (ἴδε
1739 3491 1893 3544 -runt
1930 3490 2006 3545 H.
2040 3493 2049 3560 1
2082 3490 2347 3545 bracchia

325 3559 412 3614 H:
447 3559 683 3613 brachia
712 3559 830 3615 GS.
