2664 3927
1365 115 1426 155 Χ

771 192 867 245 DE
903 158 1466 248 ARCHITECTURA
1502 193 1633 248 ΜΒ.
1672 194 1713 263 1,
1752 200 1802 250 4.
1842 199 1873 247 5
2248 194 2342 259 19.

314 363 430 420 que
485 344 751 403 Romano
815 342 994 418 petiit
1053 346 1126 402 ut
1181 344 1390 403 liceret
1442 345 1763 403 transferre
1817 345 2128 421 oppidum,
2194 365 2334 406 con-

310 432 630 508 stituitque
701 432 937 491 moenia
1001 434 1062 490 et
1125 451 1292 491 areas
1358 432 1564 491 divisit
1625 452 1985 509 nummoque
2053 435 2333 495 sestertio

207 532 292 585 (20)
311 522 559 598 singulis
601 513 616 603 [
649 519 1048 595 municipibus
1094 521 1393 596 mancipio
1430 521 1610 581 dedit.
1681 522 1773 581 his
1814 523 2095 582 confectis
2129 524 2331 582 lacum

310 610 550 687 aperuit
610 610 674 668 in
735 628 900 667 mare
965 612 1025 667 et
1087 612 1328 685 portum
1384 630 1415 669 e
1474 611 1613 670 lacu
1675 611 2030 687 municipio
2063 612 2327 687 perfecit.

256 720 282 760 5
307 700 514 775 itaque
552 717 710 757 nunc
749 697 983 773 Salpini
1030 700 1319 773 quattuor
1362 699 1531 757 milia
1576 717 1864 775 passuum
1908 700 2207 777 progressi
2251 700 2329 760 ab

309 788 526 863 oppido
571 787 760 846 veteri
805 786 1084 844 habitant
1126 786 1190 844 in
1235 788 1463 846 salubri
1506 788 1654 846 loco,
1762 824 1765 827 -

443 874 593 935 Cum
658 895 799 953 ergo
861 874 955 933 his
1016 874 1347 934 rationibus
1413 877 1526 935 erit
1590 876 1961 936 salubritatis
2025 877 2328 935 moenium
2352 888 2409 943 V

199 956 823 1047 (2⁵)0on1100andorum
869 964 1185 1039 explicatio
1231 964 1618 1041 regionesque
1666 967 1886 1025 electae
1931 966 2159 1024 fuerint
2200 967 2339 1024 fru-·

305 1054 498 1112 ctibus
545 1054 622 1111 ad
668 1052 942 1110 alendam
988 1051 1295 1111 civitatem
1342 1054 1612 1129 copiosae
1659 1056 1719 1112 et
1764 1055 1999 1114 viarum
2044 1054 2327 1114 munitio-

227 1164 277 1203 10
305 1161 410 1201 nes
457 1144 567 1200 aut
611 1141 1090 1218 opportunitates
1136 1141 1449 1199 fluminum
1495 1160 1600 1200 seu
1644 1162 1751 1217 per
1794 1147 2005 1219 portus
2058 1144 2327 1201 marinae

199 1238 271 1296 21
306 1231 714 1291 subvectiones
755 1226 763 1309 Ι
802 1230 1124 1289 habuerint
1179 1230 1255 1287 ad
1307 1230 1544 1289 moenia
1599 1232 2095 1307 comportationes
2152 1252 2325 1308 expe—

306 1319 462 1378 ditas
475 1364 490 1393 ‚
556 1322 698 1378 tunc
764 1318 1024 1377 turrium
1090 1336 1513 1395 murorumque
1580 1318 1973 1377 fundamenta
2038 1320 2123 1379 sic
2186 1324 2331 1379 sunt

304 1408 576 1466 facienda
621 1408 716 1467 uti
758 1407 1080 1482 fodiantur,
1127 1408 1178 1465 si
1215 1410 1399 1483 queat
1442 1407 1714 1480 inveniri,
1761 1407 1837 1465 ad
1874 1407 2127 1466 solidum
2164 1412 2228 1467 et
2259 1409 2326 1467 in

304 1497 510 1572 solid0,
547 1500 838 1573 quantum
873 1516 944 1555 ex
981 1495 1377 1572 amplitudine
1416 1496 1607 1571 operis
1637 1515 1745 1571 pro
1773 1496 2005 1555 ratione
2034 1496 2324 1572 videatur,

168 1598 228 1650 (5)
241 1598 292 1639 15
303 1586 691 1645 crassitudine
738 1586 1025 1661 ampliore
1067 1580 1076 1664 Ι
1118 1601 1296 1660 quam
1350 1586 1651 1660 parietum
1706 1585 1811 1660 qui
1867 1603 2048 1661 supra
2102 1588 2325 1643 terram

301 1678 443 1733 sunt
486 1675 695 1749 futuri,
741 1677 802 1732 et
848 1693 918 1732 ea
961 1674 1328 1749 impleantur
1375 1692 1557 1749 quam
1602 1673 1959 1732 solidissima
2007 1676 2321 1733 structura.

299 1764 445 1822 item
509 1766 702 1821 turres
758 1765 902 1822 sunt
953 1763 1328 1838 proiciendae
1385 1763 1448 1820 in
1504 1762 1853 1821 exteriorem
1906 1764 2163 1838 partem,
2228 1763 2318 1821 uti
2356 1780 2389 1827 2

302 1871 436 1910 cum
481 1852 557 1909 ad
601 1872 839 1909 murum
881 1852 1070 1911 hostis
1115 1852 1349 1927 impetu
1384 1852 1533 1911 velit
1569 1852 2066 1927 adpropinquare,
2114 1870 2149 1909 a
2194 1854 2321 1909 tur-

300 1939 468 1998 ribus
515 1940 720 2000 dextra
767 1958 836 1999 ac
879 1940 1124 1999 sinistra
1169 1940 1457 2000 lateribus
1506 1940 1727 2016 apertis
1774 1940 1909 2000 telis
1956 1940 2321 2000 vulneretur.

137 2041 290 2094 (10)20
301 2029 740 2104 curandumque
785 2029 1040 2087 maxime
1075 2030 1312 2088 videtur
1348 2033 1417 2088 ut'
1456 2024 1463 2108 Ι
1504 2049 1623 2090 non
1659 2029 1853 2088 facilis
1892 2029 2089 2088 aditus
2128 2030 2208 2088 sit
2244 2031 2325 2088 ad

299 2118 764 2194 oppugnandum
799 2137 1053 2192 murum,
1090 2119 1193 2177 sed
1228 2119 1317 2176 ita
1352 2119 1833 2178 circumdandum
1869 2119 1945 2176 ad
1980 2119 2111 2177 loca
2147 2137 2321 2194 prae-

300 2207 506 2283 cipitia
571 2211 633 2265 et
695 2207 1148 2284 excogitandum
1209 2207 1301 2265 uti
1364 2210 1675 2282 portarum
1738 2207 1955 2266 itinera
2018 2225 2136 2264 non
2199 2207 2321 2266 sint
2382 2222 2393 2259 ··.

298 2296 522 2355 directa
567 2296 671 2356 sed
717 2313 944 2355 scaeva.
1033 2315 1288 2371 namque
1337 2315 1473 2354 cum
1517 2296 1606 2354 ita
1654 2297 1879 2354 factum
1922 2297 2128 2371 fuerit,
2184 2299 2316 2354 tum

299 2385 572 2444 dextrum
625 2385 783 2444 latus
840 2385 1252 2443 accedentibus
1309 2385 1467 2460 quod
1520 2387 1687 2445 scuto
1753 2405 1871 2444 non
1927 2385 2042 2443 erit
2093 2387 2319 2444 tectum

133 2485 221 2537 (15)
233 2488 285 2528 25
295 2475 629 2549 proximum
667 2474 780 2532 erit
814 2492 1000 2532 mur0.
1075 2474 1437 2532 conlocanda
1474 2477 1675 2532 autem
1716 2469 1723 2551 Ι
1766 2473 1984 2549 oppida
2020 2476 2162 2532 sunt
2196 2494 2321 2535 11011

300 2560 595 2638 quadrata
649 2582 756 2622 nec
811 2562 1294 2638 procurrentibus
1350 2561 1582 2640 angulis
1638 2562 1740 2620 sed
1790 2560 2316 2636 circumitionibus,

296 2651 390 2709 uti
433 2652 621 2712 hostis
669 2671 737 2710 ex
782 2650 1055 2726 pluribus
1097 2651 1242 2710 locis
1291 2651 1704 2727 conspiciatur.
1790 2651 1855 2708 in
1901 2651 2112 2726 quibus
2159 2651 2317 2708 enim

296 2739 504 2816 anguli
565 2743 948 2817 procurrunt,
1023 2739 1345 2798 difficiliter
1408 2739 1766 2814 defenditur,
1811 2738 1994 2814 .quod
2058 2739 2319 2814 angulus

292 2830 484 2905 magis
538 2830 769 2888 hostem
821 2831 1026 2887 tuetur
1082 2847 1260 2904 quam
1314 2829 1520 2887 civem.
1611 2827 2061 2886 crassitudinem
2115 2829 2319 2886 autem
2352 2841 2387 2890 3

133 2917 457 2980 (mmmm-i
481 2917 569 2976 ita
595 2917 928 2976 faciendam
955 2936 1162 2976 censeo
1188 2919 1277 2976 uti
1309 2917 1527 2976 armati
1550 2916 1817 2974 homines
1845 2934 2023 2991 supra
2046 2905 2055 2997 Ι
2078 2914 2319 2975 obviam

438 3058 465 3105 1
496 3067 724 3105 romano
749 3051 866 3120 GS,
903 3039 937 3099 ‘1³
964 3051 1042 3106 Η.
1076 3052 1084 3119 Ι
1116 3049 1285 3120 petiit
1312 3050 1480 3120 Sffic)
1501 3077 1568 3095 =
1586 3049 1735 3119 petit
1761 3049 1902 3105 HG.
1932 3051 1951 3118 ΙΙ
1979 3054 2010 3103 5
2045 3065 2246 3119 passus
2272 3066 2323 3103 ω’

293 3124 382 3191 (cf.
415 3140 474 3192 p.
511 3126 674 3190 27,4.
710 3126 841 3190 203,
860 3127 911 3177 4.
951 3123 1021 3176 al.
1053 3139 1114 3190 p.
1150 3123 1369 3191 251,1).
1413 3123 1431 3190 ΙΙ
1474 3127 1505 3174 6
1542 3121 1719 3174 veteri
1756 3119 1892 3175 HS:
1941 3136 2023 3173 -re
2065 3121 2117 3174 Gr
2152 3123 2236 3190 (ut
2270 3129 2324 3172 ω.

293 3195 508 3262 33,14).
542 3196 550 3263 Ι
582 3193 644 3247 111
681 3193 817 3248 HS:
856 3210 939 3248 om
980 3192 1046 3247 G.
1076 3194 1094 3261 ΙΙ
1125 3197 1154 3246 ’1
1193 3191 1437 3265 inmoe(9
1465 3191 1693 3262 S)nium
1730 3190 1879 3260 con(l
1910 3189 2306 3260 GS)locando-

291 3281 415 3317 rum
439 3283 482 3318 x
509 3265 601 3333 (cf.
623 3281 682 3332 p.
714 3267 802 3333 17,
823 3267 878 3318 8.
919 3268 1010 3331 18,
1023 3268 1112 3318 21.
1152 3266 1283 3330 108,
1303 3265 1409 3332 15).
1439 3265 1459 3332 ΙΙ
1488 3268 1551 3316 11
1592 3260 1972 3317 subvectionis
2008 3264 2139 3331 (pro
2168 3263 2322 3330 -nes)·

293 3335 356 3390 8⁰
401 3337 484 3404 (ut
513 3337 602 3405 L).
667 3337 688 3404 ΙΙ
747 3334 1012 3389 habuerit
1055 3351 1112 3392 x.
1175 3336 1194 3403 ΙΙ
1260 3339 1325 3387 13
1373 3335 1584 3402 queant
1628 3352 1683 3390 x.
1746 3335 1767 3403 ΙΙ
1831 3338 1898 3386 14
1934 3331 2195 3387 videatur
2231 3332 2318 3387 G:-

292 3408 484 3460 -antur
519 3407 585 3460 H
593 3405 645 3461 S.
676 3409 694 3476 ΙΙ
724 3411 788 3459 19
827 3404 1153 3460 vulneretur
1181 3405 1276 3460 GC:
1316 3408 1533 3459 -rentur
1568 3422 1622 3459 x.
1651 3406 1671 3474 ΙΙ
1698 3410 1766 3457 23
1802 3407 1926 3457 tum
1952 3403 2039 3459 H:
2078 3403 2211 3455 dum
2240 3403 2320 3470 G,

291 3479 426 3530 tunc
464 3477 517 3532 S.
573 3479 592 3546 u
647 3482 714 3530 26
753 3475 1174 3531 circuitionibus
1221 3494 1279 3532 cc.⁴
1332 3477 1353 3545 11
1407 3482 1475 3530 28
1522 3475 1674 3545 quod
1710 3475 1903 3544 S(Gc)=
1960 3489 2069 3542 quo
2108 3474 2255 3530 HG.
2290 3473 2322 3546 st·

294 3553 361 3600 29
397 3549 586 3602 tuetur
623 3547 691 3602 H
696 3547 760 3604 S:
795 3549 1023 3601 tueatur
1062 3546 1128 3602 G.
2146 3569 2148 3572 ⁴

1922 3633 1990 3685 2*
