2664 3927
676 187 892 243 LIBER.
926 189 1137 244 ARTIS
1174 188 1856 245 ARCHITEOTONICAE
2153 191 2278 254 301

242 360 367 417 per
414 357 585 399 nares
628 340 693 397 in
738 339 1110 398 lacusculum
1154 339 1466 414 exprimat..
1537 343 1745 416 postea
1790 340 2106 416 fuliginem
2151 341 2284 400 dili-

247 431 471 508 genter
506 432 773 488 conteres
811 430 873 486 et
909 447 1126 502 aquam
1164 428 1239 485 ad
1274 428 1517 486 modum
1552 430 1753 488 mittes
1791 432 1852 487 et
1889 432 2286 489 atramentum

247 518 445 577 facies
489 518 762 577 nitidum.
836 517 1093 592 pictores
1130 519 1334 575 autem
1377 517 1678 595 glutinum
1721 518 1986 593 miscent,
2032 520 2102 576 ut
2145 518 2284 576 niti-

252 607 399 666 dius
447 625 571 666 esse
606 606 895 667 videatur.
968 606 1072 665 sed
1109 605 1185 664 ad
1221 606 1587 666 celeritatem
1623 607 1815 682 operis
1862 607 2043 666 etiam
2086 606 2288 666 taeda-

192 716 223 758 5
252 717 400 755 rum
452 695 734 756 carbones
788 713 923 753 cum
976 695 1210 772 glutino
1266 696 1464 754 attriti
1517 695 1845 771 parietibus
1898 695 2290 771 praestabunt

131 797 233 849 (25)
260 777 269 866 Ι
309 784 632 844 atramenti
670 783 1049 859 suavitatem,
1094 802 1202 842 nec
1236 784 1432 844 minus
1477 787 1778 844 sarmenta
1815 787 2020 843 exusta
2057 786 2118 844 et
2153 803 2290 842 con-

254 875 414 932 trita
477 873 798 931 atramenti
860 873 1117 931 colorem
1179 873 1594 932 imitabuntur.
1702 873 1806 933 sed
1869 876 1931 932 et
1993 875 2293 932 sarmenta

196 954 203 960 ’
257 981 419 1022 uvae
464 961 742 1039 nigrioris
788 962 841 1020 si
883 963 949 1020 in
994 962 1219 1037 optimo
1256 961 1402 1020 vino'
1442 979 1635 1020 mersa
1682 963 1944 1021 aruerint
1989 966 2049 1021 et
2084 964 2291 1038 postea

102 1061 237 1116 308
262 1053 476 1110 exusta
529 1051 777 1125 fuerint,
833 1041 1055 1132 adldito
1111 1051 1346 1128 glutino
1397 1049 1638 1109 imitata
1690 1050 1874 1110 indici
1931 1051 2293 1110 suavitatem

174 1160 233 1200 10
262 1139 707 1198 monstrabunt.
808 1143 946 1198 usta
1007 1158 1174 1214 vero,
1239 1158 1392 1214 quae
1454 1139 1777 1214 plurimum
1838 1140 2168 1199 necessaria
2229 1140 2294 1197 in

265 1227 549 1303 operibus
612 1229 879 1304 picturae
935 1228 1198 1302 videtur,
1263 1229 1347 1286 sic
1409 1229 1794 1303 temperatur.
1893 1228 2101 1306 glebae
2166 1227 2294 1288 silis

264 1317 414 1376 boni
458 1319 523 1375 in
565 1318 703 1394 igne
751 1319 1105 1392 coquuntur,
1157 1318 1303 1375 tunc
1360 1317 1647 1376 acerrimo
1694 1320 1860 1377 aceto
1915 1317 2152 1393 perfuso
2200 1337 2296 1375 ex-

180 1415 244 1467 (5)
265 1405 649 1482 tinguuntur,
686 1409 747 1466 et
782 1405 1039 1464 reddunt
1072 1424 1437 1481 purpureum
1478 1400 1486 1484 Ι
1529 1405 1798 1464 colorem.
1863 1406 2120 1465 caerulei
2145 1408 2294 1464 tem·

266 1495 607 1570 perationes
652 1495 1050 1554 Alexandriae
1104 1495 1297 1570 primo
1354 1498 1492 1554 sunt
1546 1495 1848 1570 inventae,
1894 1513 2051 1553 nunc
2095 1497 2298 1552 autem

185 1603 240 1643 15
268 1584 539 1643 Puteolis
586 1603 655 1644 ex
699 1584 957 1644 harenae
993 1584 1239 1659 pulvere
1278 1586 1339 1641 et
1375 1584 1522 1642 nitri
1555 1583 1701 1642 flore
1736 1585 2121 1660 temperatur.
2195 1583 2297 1641 sed

271 1674 543 1748 cyprium
588 1673 866 1732 adustum
910 1667 1195 1750 (addes).
1278 1691 1515 1732 cerussa
1562 1675 1623 1730 et
1667 1691 1847 1748 quam
1890 1673 2082 1731 nostri
2127 1689 2296 1729 aeru-

272 1780 405 1820 cam
449 1765 667 1821 vocant
722 1763 807 1820 sic
862 1762 977 1819 erit
1030 1760 1408 1820 conficienda.
1501 1764 1800 1820 sarmenta
1843 1762 1985 1820 vitis
2033 1762 2298 1818 amineae

163 1861 254 1910 (10)
272 1851 473 1908 infuso
518 1852 686 1908 aceto
731 1851 796 1908 in
850 1849 1010 1909 dolio
1069 1849 1416 1924 coiciantur,
1461 1867 1641 1925 super
1682 1849 1925 1908 tabulae
1971 1840 2300 1930 plumlbeae

275 1937 651 2015 deponantur
678 1941 737 1999 et
773 1938 999 1999 dolium
1036 1938 1332 2014 cludatur,
1369 1941 1431 1998 et
1465 1938 1735 2015 pluribus
1770 1937 2070 1998 mensibus
2105 1940 2299 1997 trans-

196 2046 251 2085 20
278 2028 427 2086 actis
482 2029 804 2104 aperiatur.
894 2028 998 2087 sed
1052 2046 1287 2088 cerussa
1341 2029 1406 2087 in
1466 2029 1705 2087 fornace
1770 2031 2080 2104 coquatur,
2147 2047 2296 2104 quae

275 2118 509 2175 mutato
544 2118 740 2176 colore
775 2118 1082 2177 meliorem
1110 2116 1327 2176 efficiet
1355 2116 1759 2176 sandaracam.
1832 2120 2063 2176 ostrum
2097 2119 2298 2175 autem

278 2206 435 2281 quod
481 2225 590 2283 pro
638 2207 833 2266 colore
879 2224 1179 2282 purpurae
1216 2209 1585 2282 temperatur
1617 2207 1890 2282 plurimis
1925 2206 2072 2265 locis
2107 2206 2297 2263 nasci-

278 2296 393 2369 tur,
450 2295 554 2353 sed
608 2296 899 2371 optimum
952 2295 1150 2354 insula
1196 2294 1392 2371 Cypro
1449 2297 1508 2354 et
1562 2296 1772 2354 ceteris
1827 2313 1979 2370 quae
2032 2294 2298 2370 proxime

176 2392 260 2445 (1⁵)
281 2384 389 2443 sub
436 2384 577 2443 solis
618 2378 627 2462 Ι
668 2403 841 2445 cursu
884 2383 1196 2443 habentur.
1269 2384 1580 2459 conchylia
1624 2384 1829 2459 itaque
1876 2403 2010 2442 cum
2051 2383 2298 2442 circum-

204 2490 255 2531 25
282 2474 398 2532 cisa
433 2474 590 2533 ferro
627 2474 852 2532 fuerint
886 2473 1163 2532 lacrimas
1198 2472 1483 2548 purpurei
1509 2473 1722 2531 coloris
1751 2473 2048 2547 emittunt,
2087 2471 2298 2547 quibus

282 2562 541 2621 collectis
585 2580 921 2638 purpureus
966 2562 1128 2620 color
1170 2564 1555 2637 temperatur.
1645 2561 1781 2621 ideo
1827 2564 2027 2619 autem
2073 2563 2301 2620 ostrum

284 2654 370 2710 est
414 2652 786 2727 appellatum
833 2650 993 2727 quod
1038 2669 1109 2709 ex
1152 2650 1323 2710 testis
1369 2669 1545 2710 umor
1590 2650 1842 2709 elicitur.
1916 2650 2020 2725 qui
2065 2649 2183 2709 cito
2231 2668 2301 2707 ex

284 2740 576 2817 salsugine
639 2739 946 2814 inarescit,
1008 2738 1125 2799 nisi
1178 2741 1546 2815 temperatus
1599 2758 1771 2799 umor
1821 2739 1998 2797 melle
2052 2739 2298 2797 circum·

185 2839 267 2891 (2⁰)
283 2829 445 2888 fusus
480 2828 787 2888 habeatur.
850 2828 1007 2887 fiunt
1038 2820 1045 2909 Ι
1078 2828 1260 2887 etiam
1293 2826 1580 2903 purpurei
1614 2828 1838 2887 colores
1873 2826 2096 2886 infecta
2139 2830 2300 2887 creta

212 2937 261 2977 30
283 2918 481 2975 rubiae
525 2916 741 2977 radice.
814 2916 1196 2976 similiterfex
1229 2916 1474 2976 floribus
1521 2916 1628 2975 alii
1672 2917 1896 2977 colores
1939 2915 2300 2975 inficiuntur.

286 3006 483 3083 itaque
529 3006 787 3082 pictores
832 3024 967 3064 cum
1008 3004 1311 3066 voluerint
1365 3006 1439 3065 sil
1486 3005 1737 3064 atticum
1781 3004 2035 3079 imitari,
2078 3004 2302 3064 violam

163 3103 270 3159 309
289 3095 511 3153 aridam
553 3096 619 3153 in
652 3113 797 3155 vaso
841 3113 975 3154 eum
1010 3112 1169 3170 aqua
1209 3089 1219 3173 Ι
1260 3094 1336 3153 ad
1372 3094 1571 3171 ignem
1608 3095 1916 3172 adponunt
1950 3096 2020 3152 ut
2052 3094 2302 3169 ferveat,

289 3186 343 3241 et
402 3183 706 3243 decoctam
766 3184 831 3243 in
893 3183 1139 3243 linteolo
1197 3184 1536 3259 exprimunt
1591 3186 1652 3243 et
1704 3184 1768 3242 in
1825 3183 2110 3242 mortario
2168 3200 2302 3240 eum

290 3274 442 3330 creta
504 3276 819 3333 conterunt
882 3277 942 3332 et
1003 3272 1234 3332 faciunt
1296 3272 1422 3332 silis
1488 3272 1660 3332 attici
1722 3273 1992 3332 colorem.
2095 3270 2302 3330 eadem

219 3379 267 3421 35
289 3360 508 3421 ratione
540 3363 872 3423 vaccinium
909 3381 1043 3421 cum
1069 3362 1234 3421 -lacte
1268 3364 1669 3439 temperantes
1706 3379 2038 3437 purpuram
2070 3358 2303 3419 faciunt

220 3462 276 3511 (5)
292 3450 625 3528 elegantem.
701 3452 805 3528 qui
841 3470 961 3509 non
995 3453 1247 3527 possunt
1286 3442 1672 3532 chrylsooolla
1707 3453 1952 3526 propter
1987 3448 2304 3508 caritatem

290 3541 387 3615 uti,
423 3540 639 3601 herbae
676 3558 828 3617 quae
870 3542 1068 3600 lutear
1104 3540 1444 3616 appellatur
1479 3558 1685 3599 sucum
1721 3538 1990 3598 caeruleo
2025 3536 2301 3595 inficiunt
