2664 3927
377 189 506 252 226
1223 186 1556 242 VITRUVII

307 359 338 404 3
377 341 560 415 caput
595 338 1006 414 subiciensque
1033 337 1446 396 Andromedae
1480 335 1745 412 pedibus
1809 336 1954 395 item
1986 336 2177 412 pisces
2216 355 2400 412 supra

376 426 817 487 Andromedam
872 430 932 485 et
987 426 1125 501 equi
1176 429 1386 485 venter
1438 428 1754 500 saetaeque
1810 444 1963 500 quae
2017 428 2159 484 sunt
2213 443 2400 501 supra

379 517 612 593 spinam
649 517 802 592 equi,
841 515 1004 574 cuius
1046 509 1054 594 Ι
1093 514 1318 574 ventris
1355 513 1717 572 lucidissima
1752 514 1927 572 stella
1961 513 2095 572 finit
2128 517 2399 574 ventrem
2419 527 2525 578 (20)

379 605 517 682 equi
581 608 641 663 et
696 607 876 680 caput
927 603 1357 662 Andromedae.
1458 621 1670 661 manus
1722 601 2136 662 Andromedae
2192 603 2399 661 dextra

380 713 557 770 supra
595 692 931 770 Cassiepiae
979 692 1362 751 simulacrum
1408 694 1499 751 est
1539 691 1878 766 constituta,
1922 692 2096 750 laeva
2130 686 2400 770 (supra)
2428 713 2458 755 5

383 782 782 858 aquilonalem
826 782 1064 857 piscem.
1136 781 1283 839 item
1323 776 1330 858 Ι
1375 781 1607 856 aquarii
1652 798 1832 856 supra
1878 779 2018 856 equi
2064 783 2243 856 caput
2288 783 2398 839 est.
2420 791 2555 846 229

381 873 517 947 equi
574 871 834 948 ungulae
895 871 1201 947 attingunt-
1253 869 1489 945 aquarii
1544 887 1751 946 genua.
1844 867 2148 944 Cassiepia
2200 868 2400 927 media

381 963 470 1020 est
524 959 810 1018 dedicata.
904 958 1234 1035 capricorni
1289 977 1470 1034 supra
1523 958 1585 1016 in
1641 957 2021 1016 altitudinem
2076 957 2280 1033 aquila
2336 961 2399 1016 et

380 1048 709 1124 delphinus.
767 1047 1089 1107 secundum
1127 1065 1227 1106 eos
1264 1050 1356 1106 est
1393 1047 1631 1124 sagitta.
1690 1046 1763 1104 ab
1796 1065 1867 1104 ea
1894 1049 2095 1104 autem
2121 1045 2399 1120 volucriS‚

381 1137 546 1196 cuius
600 1137 782 1213 pinna
837 1137 1043 1195 dextra
1091 1135 1309 1212 Cephei
1362 1155 1605 1194 manum
1660 1135 1909 1212 attingit
1954 1137 2015 1194 et
2058 1126 2549 1217 scepltrum,1o(5)

378 1227 551 1285 laeva
607 1244 785 1301 supra
843 1224 1177 1301 Cassiepiae
1229 1225 1527 1284 innititur.
1628 1223 1735 1282 sub
1790 1224 1918 1283 avis
1974 1224 2163 1282 cauda
2214 1222 2397 1299 pedes

309 1334 342 1379 4
383 1316 517 1391 equi
555 1318 693 1374 sunt
729 1315 993 1374 subiecti.
1061 1314 1198 1372 inde
1236 1313 1537 1390 sagittarii
1574 1313 1897 1389 scorpionis
1932 1312 2119 1371 librae
2155 1313 2399 1388 insuper

381 1422 618 1480 serpens
683 1422 910 1462 summo
972 1405 1165 1462 rostro
1230 1421 1509 1461 coronam
1570 1402 1785 1478 tangit.
1877 1401 1951 1460 ab
2016 1420 2085 1459 eo
2140 1400 2399 1460 mediam

381 1493 703 1569 ophiuchos
745 1492 810 1549 in
854 1491 1127 1549 manibus
1171 1493 1339 1549 tenet
1374 1493 1723 1566 serpentem,
1769 1491 1939 1550 laevo
1975 1490 2125 1566 pede
2162 1491 2397 1549 calcans

380 1581 636 1640 mediam
680 1581 936 1638 frontem
983 1579 1320 1655 scorpionis
1396 1598 1431 1637 a
1476 1581 1647 1655 parte
1696 1578 1973 1654 ophiuchi
2018 1579 2229 1655 capitis
2276 1597 2397 1637 non
2426 1603 2484 1643 15

385 1662 394 1751 Ι
424 1670 599 1746 longe
635 1669 898 1745 positum
933 1670 1025 1726 est
1059 1670 1240 1743 caput
1276 1668 1403 1726 eius
1441 1668 1545 1743 qui
1582 1668 1799 1726 dicitur
1831 1668 1995 1726 nisus
2031 1668 2094 1725 in
2132 1667 2396 1745 genibus.
2419 1681 2516 1731 (ιο)

383 1777 584 1816 eorum
639 1759 838 1816 autem
863 1757 1186 1834 ,faciliores
1241 1759 1380 1815 sunt
1434 1757 1699 1832 capitum
1754 1757 2001 1815 vertices
2058 1757 2133 1815 ad
2184 1774 2394 1833 cogno-

313 1866 344 1912 5
383 1847 688 1920 scendum,
743 1845 901 1922 quod
944 1863 1062 1904 non
1109 1845 1370 1904 obscuris
1416 1845 1605 1904 stellis
1652 1848 1789 1904 sunt
1834 1845 2203 1904 conformati.
2292 1863 2397 1920 pes

381 1935 770 2012 ingeniculati
817 1934 893 1993 ad
940 1935 1062 1994 eius
1108 1934 1354 1993 fulcitur
1399 1934 1612 2011 capitis
1657 1938 1893 2010 tempus
1941 1934 2256 2011 serpentis,
2303 1934 2399 1993 cui

383 2027 581 2082 arctoe
636 2026 774 2083 sunt
827 2023 933 2099 qui
987 2024 1416 2099 septentriones
1470 2023 1749 2082 dicuntur
1802 2023 2090 2099 inplicati.
2178 2042 2397 2099 parvus
2428 2048 2483 2086 πο

383 2131 526 2189 prae
591 2130 740 2187 equo
783 2106 790 2188 Ι
830 2112 1092 2170 flectitur
1145 2112 1477 2188 delphinus
1578 2115 1783 2171 contra
1830 2110 2104 2172 volueris'
2140 2116 2399 2171 rostrum
2419 2126 2513 2177 (15)

387 2205 476 2260 est
533 2200 838 2277 proposita
896 2201 1046 2275 lyra.
1136 2201 1292 2258 inter
1349 2220 1581 2260 umeros
1642 2201 1903 2260 custodis
1963 2204 2023 2259 et
2077 2200 2401 2277 geniculati

385 2477 527 2531 Item
552 2476 733 2545 pisces
771 2493 939 2545 supra
975 2476 1375 2530 andromedam
1411 2477 1469 2528 et
1505 2475 1623 2529 eius
1659 2475 1870 2529 ventris
1908 2478 1965 2529 et
2002 2474 2241 2544 equique
2268 2477 2401 2548 (que

386 2548 512 2615 ΕΒ,
547 2547 646 2616 qui
675 2547 768 2616 GC)
806 2550 937 2601 sunt
962 2565 1004 2601 x
1029 2549 1149 2617 (ubi
1181 2566 1235 2616 p.
1267 2563 1436 2615 supra
1465 2546 1661 2617 aui-iga
1688 2546 2031 2600 andromeda
2061 2548 2132 2614 G,
2165 2563 2277 2601 ‘non
2303 2546 2399 2617 Ε).

530 2624 562 2671 5
583 2618 871 2687 cassiopae
890 2618 972 2685 H,
989 2617 1145 2690 -opie
1167 2619 1304 2687 EG,
1326 2617 1475 2691 -epie
1497 2620 1551 2673 S.
1585 2620 1593 2687 Ι
1627 2634 1795 2687 supra
1813 2618 2012 2687 (Schw,
2030 2618 2167 2687 Joc.)
2187 2634 2285 2671 om.
2306 2635 2362 2673 x.
2382 2618 2403 2690 ΙΙ

390 2696 420 2743 6
449 2692 621 2759 caput
647 2692 734 2744 est
764 2689 830 2744 G.
858 2690 1063 2744 Phiale:
1093 2688 1293 2759 capitis
1321 2706 1376 2743 x.
1406 2691 1424 2757 ΙΙ
1455 2695 1483 2742 ’1
1512 2689 1765 2758 cassiope
1793 2688 1873 2756 H,
1898 2688 2142 2812 -opisz
2153 2689 2223 2756 G,
2251 2688 2402 2763 -epie

388 2761 442 2817 S.
497 2764 516 2831 ΙΙ
570 2766 600 2813 9
638 2759 880 2815 volucris
919 2761 981 2815 S:
1017 2759 1261 2814 volueris
1298 2760 1508 2816 ΗΕΘ.
1564 2762 1583 2829 ΙΙ
1639 2766 1705 2813 10
1740 2758 1915 2829 pinna
1951 2759 2019 2813 H
2093 2760 2170 2815 G:
2216 2776 2404 2829 penna

388 2832 642 2901 Ecgffie)
669 2850 790 2887 cum
825 2833 950 2897 vlh,
985 2849 1098 2886 non
1126 2832 1246 2900 Lc;
1281 2833 1361 2885 sic
1384 2847 1571 2900 penna
1598 2834 1761 2887 etiam
1795 2833 1950 2898 infra
1978 2849 2037 2899 p.
2066 2834 2197 2896 257,
2217 2836 2253 2885 6
2280 2831 2405 2886 Pvz

390 2910 440 2957 et
461 2920 517 2971 p.
546 2906 768 2968 265,18
796 2910 847 2956 et
872 2906 946 2957 24
973 2903 1186 2969 Pvlch,
1220 2901 1397 2971 pinna
1424 2902 1469 2956 S
1499 2910 1549 2956 et
1582 2904 1783 2971 reliqui
1817 2917 2009 2956 omnes.
2045 2903 2053 2970 Ι
2088 2900 2283 2971 cephei
2313 2902 2399 2956 H:

391 2973 604 3043 cephea
630 2973 686 3040 S,
715 2972 910 3042 zephei
938 2972 1096 3028 Eva.
1126 2975 1144 3043 ΙΙ
1174 2979 1236 3026 11
1268 2972 1581 3043 cassiopiae
1608 2976 1650 3042 (-
1715 2973 1905 3041 ΒΕΘ)
1932 2989 1986 3026 oe.
2016 2974 2035 3041 ΙΙ
2065 2978 2130 3025 12
2160 2972 2405 3025 subtecti

389 3062 442 3099 x.
473 3046 492 3113 ΙΙ
522 3048 587 3096 13
616 3043 819 3096 adeum
838 3045 940 3113 (-ι“ι)
969 3043 1216 3097 medium
1235 3048 1338 3113 (Ji)
1357 3062 1412 3098 x.
1441 3046 1460 3113 ΙΙ
1491 3049 1556 3097 14
1584 3060 1655 3114 op
1702 3043 1889 3097 ‘uchos
1919 3043 2065 3111 HE,
2094 3042 2403 3111 ophiychos

396 3115 472 3170 G:
511 3113 782 3184 ophiucus
812 3114 866 3169 S.
922 3116 942 3183 ΙΙ
997 3120 1061 3168 15
1101 3114 1407 3184 scorpionis
1443 3117 1662 3184 partem
1700 3118 1773 3184 (-e
1802 3114 1993 3183 ΒΕΘ)
2030 3113 2257 3183 ophiuci
2291 3132 2348 3168 x.
2386 3114 2406 3186 ΙΙ

393 3191 460 3238 16
487 3201 700 3239 nessus.
757 3184 818 3237 in
853 3184 1090 3254 genibus
1128 3188 1314 3239 autem
1344 3188 1437 3253 (αι-ι
1465 3186 1603 3253 HS)
1632 3202 1823 3239 eorum
1859 3184 1897 3240 f.
1926 3202 1981 3239 ω.
2010 3189 2029 3253 ΙΙ
2059 3189 2123 3239 19
2154 3184 2229 3238 ad
2256 3184 2404 3239 eius:

393 3257 466 3309 ad
503 3256 565 3309 id
599 3273 653 3310 x.
695 3258 703 3325 Ι
742 3254 951 3324 timpus
989 3256 1191 3326 8⁶(G0).
1234 3260 1242 3325 Ι
1284 3274 1324 3311 s,
1364 3255 1522 3310 cuius
1559 3256 1698 3327 (Om’
1728 3257 1797 3326 S)
1834 3259 2058 3310 arcturfi
2097 3256 2245 3325 (HS,
2284 3273 2406 3309 -um

393 3327 453 3379 E
463 3327 533 3394 G)
589 3326 688 3395 qui
740 3344 781 3381 ω
834 3328 951 3395 (ubi
1003 3329 1274 3396 serpentis
1305 3342 1322 3381 ε
1354 3326 1511 3381 cuius
1542 3370 1553 3381 .
1584 3369 1597 3382 .
1630 3371 1639 3381 .
1680 3328 1741 3381 Ε
1790 3344 1914 3382 cum
1967 3329 2095 3382 vitii
2146 3328 2338 3398 siquo).
2385 3326 2406 3399 ΙΙ

394 3401 462 3447 20
497 3396 558 3449 in
595 3396 802 3450 licatus
836 3413 1009 3465 parve
1043 3414 1238 3467 pereos
1273 3398 1326 3452 fl.
1366 3400 1483 3468 (sic)
1518 3416 1572 3453 x.
1614 3401 1633 3468 ΙΙ
1675 3405 1739 3452 21
1778 3397 2021 3453 volucris
2058 3398 2121 3453 S:
2158 3397 2403 3452 volueris

395 3465 463 3516 H
467 3466 528 3517 Ε
592 3510 602 3520 .
631 3470 650 3536 [Ι
679 3472 745 3547 22
775 3471 862 3521 est
887 3470 962 3536 (43
993 3468 1062 3536 G)
1091 3469 1238 3524 EG:
1275 3486 1375 3523 om.
1405 3470 1476 3523 Η
1479 3469 1522 3524 S
1543 3471 1663 3538 (ubi
1687 3472 1869 3524 rostri-1
1898 3471 1910 3551 Ι
1940 3468 2230 3539 proposita
2257 3469 2366 3538 H).
2390 3468 2400 3541 Ι

395 3536 701 3597 gemculati
729 3538 774 3593 S
805 3541 888 3606 (ut
920 3556 968 3593 v.
1000 3544 1065 3591 19
1103 3538 1473 3609 ingeniculati
1507 3544 1591 3609 oe):
1629 3541 1914 3611 genuclat1
1942 3540 2011 3594 H
2012 3540 2075 3593 E
2085 3541 2151 3594 G.
