2664 3927
366 139 407 204 6
1209 135 1539 192 VITRUVII

364 292 618 365 utraque
670 289 913 366 plagam
967 289 1205 348 mittere
1245 283 1254 367 l
1295 287 1527 346 debent.
1620 285 1830 363 quodsi
1888 303 2007 344 non
2038 284 2385 343 'homotona
2406 293 2501 345 (1⁰)

295 386 328 435 9
364 378 606 453 fuerint,
649 377 956 454 inpedient
989 377 1276 436 directam
1317 376 1575 436 telorum
1608 375 1965 435 missionem.
2034 373 2182 432 item
2216 372 2383 432 thea-

362 467 476 526 tris
519 484 666 526 vasa
711 485 911 541 aerea,
964 485 1117 542 quae
1162 467 1226 524 in
1271 465 1437 525 cellis
1482 464 1592 524 sub
1638 463 1918 543 gradibus
1960 461 2386 521 mathematica

362 555 594 616 ratione
649 556 1033 615 conlocantur
1077 554 1378 615 sonituum
1432 553 1509 613 ad
1554 553 1896 612 discrimina
1909 598 1923 627 ,
1971 569 2123 627 quae
2170 549 2383 610 Graeci

363 661 548 720 ηχεια
603 645 937 720 appellant,
999 642 1076 702 ad
1130 643 1514 720 symphonias
1575 642 1833 702 musicas
1887 641 2011 701 sive
2066 642 2383 699 concentus
2416 658 2442 698 ⁵

364 735 797 810 componuntur
833 732 1023 792 div-isa
1058 732 1122 791 in
1167 732 1549 792 circinatione
1586 722 1972 813 dialtessaron
2010 731 2069 788 et
2107 729 2383 804 diapente
2405 738 2500 791 (1⁵)

367 826 428 883 et
479 817 808 901 <diapason
871 817 990 900 ad>
1043 821 1451 897 disdiapason,
1512 821 1608 880 uti
1662 838 1777 879 vox
1840 818 2091 878 scaenici
2155 817 2383 877 sonitus

365 911 717 972 conveniens
769 909 833 968 in
878 909 1369 987 dispositionibus
1422 913 1591 968 tactu
1636 928 1767 968 cum
1812 907 2150 980 offenderit,
2203 908 2384 965 aucta

365 1019 502 1060 cum
561 999 924 1058 incremento
980 1000 1194 1058 clarior
1248 1003 1308 1058 et
1372 999 1611 1058 suavior
1664 998 1741 1056 ad
1797 999 2200 1072 spectatorum
2251 1014 2382 1071 per·

363 1089 569 1149 veniat
605 1107 791 1147 aureS.
863 1089 1242 1164 hydraulicas
1280 1107 1516 1164 quoque
1552 1086 1856 1146 machinas
1894 1089 1954 1144 et
1994 1088 2191 1144 cetera
2228 1101 2382 1159 quae
2416 1104 2471 1143 10

366 1181 506 1238 sunt
557 1177 778 1237 similia
828 1177 921 1237 his
977 1177 1215 1255 organis
1228 1223 1243 1253 ,
1297 1179 1423 1236 sine
1476 1175 1718 1235 musicis
1770 1173 2105 1235 rationibus
2151 1173 2383 1232 efficere

263 1273 328 1322 10
368 1259 572 1349 {nemo
619 1267 856 1343 poterit.
931 1267 1306 1342 disciplinam
1340 1285 1481 1325 vero
1518 1264 1842 1324 medicinae
1878 1263 2112 1322 novisse
2150 1264 2385 1338 oportet
2405 1271 2498 1323 (2⁰)

265 2786 328 2833 11

363 1359 609 1434 propter
661 1355 1076 1416 inclinationes
1132 1356 1307 1428 caeli,
1361 1374 1517 1429 quae
1574 1352 1785 1413 Graeci
1842 1352 2109 1424 κλιματα
2161 1350 2385 1424 dicunt,

366 1447 427 1505 et
465 1441 475 1524 Ι
517 1444 670 1505 aeris
735 1446 795 1503 et
856 1445 1122 1505 locorum
1186 1443 1290 1519 qui
1353 1446 1495 1502 sunt
1556 1442 1820 1502 salubres
1875 1444 1979 1500 aut
2035 1440 2384 1517 pestilentes
2422 1449 2453 1502 7

365 1552 776 1610 aquarumque
822 1551 979 1592 usus.
1054 1532 1179 1591 sine
1224 1533 1318 1591 his
1365 1532 1523 1591 enim
1556 1531 1890 1591 rationibus
1926 1530 2093 1588 nulla
2129 1528 2383 1588 salubris
2414 1548 2466 1588 15

364 1623 659 1683 habitatio
713 1621 845 1680 fieri
896 1623 1110 1698 potest.
1202 1622 1335 1680 iura
1392 1640 1625 1696 quoque
1679 1622 1823 1680 nota
1874 1619 2096 1678 habeat
2150 1619 2384 1694 oportet

365 1730 438 1770 ea
484 1729 636 1786 quae
691 1709 1022 1770 necessaria
1081 1713 1220 1769 sunt
1283 1709 1567 1769 aedificiis
1626 1709 2027 1768 communium
2088 1708 2386 1782 parietum

368 1800 444 1859 ad
489 1799 784 1858 ambitum
827 1790 1308 1880 stillilcidiorum,
1365 1803 1425 1858 et
1470 1799 1829 1872 cloacarum,
1873 1797 2193 1871 luminum,
2236 1797 2384 1854 item
2402 1805 2466 1855 (5)

367 1907 660 1965 aquarum
713 1888 1036 1948 ductiones.
1128 1891 1189 1947 et
1242 1890 1441 1947 cetera
1494 1906 1646 1963 quae
1702 1885 1985 1946 eiusmodi
2045 1889 2183 1945 sunt
2238 1887 2383 1944 nota

367 1980 604 2055 oportet
647 1976 769 2037 sint
813 1977 1170 2051 architectiS,
1213 1979 1308 2037 uti
1356 1980 1495 2037 ante
1540 1979 1790 2037 caveant
1837 1995 2017 2051 quam
2061 1975 2383 2034 instituant
2412 1994 2467 2033 zo

367 2066 662 2141 aedificia,
716 2086 789 2125 ne
844 2066 1277 2126 controversiae
1329 2067 1507 2127 factis
1562 2065 1835 2141 operibus
1890 2064 2156 2141 patribus
2210 2063 2383 2122 fami·

364 2158 583 2215 liarum
643 2156 1060 2231 relinquantur
1121 2158 1182 2215 et
1243 2158 1316 2215 ut
1377 2156 1610 2233 legibus
1674 2153 1995 2215 scribendis
2065 2152 2383 2229 prudentia

367 2245 563 2305 caveri
615 2244 806 2321 possit
859 2247 919 2303 et
972 2244 1224 2303 locatori
1278 2248 1339 2303 et
1401 2244 1759 2305 conductori.
1811 2235 1819 2323 Ι
1868 2262 2123 2318 namque
2180 2242 2230 2301 si
2287 2240 2384 2300 lex
2402 2249 2493 2303 (10)

365 2334 556 2411 perite
618 2334 802 2393 fuerit
863 2332 1108 2409 scripta,
1174 2333 1286 2391 er'it
1348 2336 1421 2392 ut
1482 2334 1607 2392 sine
1672 2333 1944 2409 captione
2000 2334 2251 2406 uterque
2306 2330 2382 2388 ab

366 2426 619 2499 utroque
664 2421 962 2482 liberetur.
1047 2440 1118 2480 ex
1162 2423 1487 2499 astrologia
1533 2425 1734 2481 autem
1770 2420 2145 2498 cognoscitur
2190 2419 2383 2478 oriens
2413 2438 2467 2478 25

369 2512 636 2571 occidens
664 2511 938 2571 meridies
967 2510 1310 2586 septentrio,
1348 2512 1530 2570 etiam
1557 2511 1707 2571 caeli
1732 2510 1906 2585 ratic,
1943 2507 2384 2585 aequinoctium

367 2601 690 2660 solstitium
735 2604 1030 2661 astrorum
1075 2619 1294 2659 cursus.
1389 2619 1643 2675 quorum
1685 2599 1965 2659 notitiam
2010 2599 2061 2657 si
2108 2598 2212 2673 qui
2264 2614 2383 2655 non

366 2690 662 2766 habuerit,
695 2690 1138 2769 horologiorum
1170 2690 1467 2749 rationem
1503 2689 1741 2748 omnino
1770 2689 1917 2747 scire
1948 2678 1959 2768 Ι
1989 2706 2110 2746 non
2144 2686 2381 2762 poterit.
2401 2698 2493 2747 (15)

503 2779 652 2839 Cum
715 2799 854 2857 ergo
916 2782 1088 2838 tanta
1148 2779 1296 2837 haec
1357 2778 1671 2855 disciplina
1734 2779 1812 2838 sit
1875 2776 2265 2837 condecorata
2323 2777 2383 2832 et

368 2868 674 2929 abundans
721 2868 1146 2927 eruditionibus
1181 2867 1365 2928 variis
1411 2886 1479 2927 ac
1524 2866 1811 2943 pluribus„
1855 2884 1976 2926 non
2019 2867 2165 2940 puto
2210 2881 2381 2940 posse
2410 2884 2465 2925 so

514 3150 542 3197 1
583 3144 796 3215 utrae(e
835 3142 1074 3213 GS)que
1106 3160 1162 3198 ω.
1195 3148 1204 3211 l
1236 3158 1269 3196 o
1306 3141 1558 3198 motonia
1585 3141 1655 3196 H
1659 3141 1729 3209 G,
1768 3140 1843 3213 <o
1889 3140 2140 3196 motonia
2175 3142 2237 3195 in
2272 3156 2379 3195 ras.

370 3215 417 3271 S
447 3214 504 3285 (i.
542 3212 820 3283 equaliter
854 3212 1116 3268 sonantia
1159 3215 1223 3269 in
1266 3218 1419 3269 textu
1452 3217 1572 3283 ipso
1606 3213 1746 3268 male
1857 3214 1909 3267 d.
1949 3212 2026 3283 S).
2137 3216 2169 3264 2
2206 3210 2383 3281 impe·-

373 3284 530 3340 dient
558 3284 830 3339 directam
861 3284 913 3340 G
949 3291 999 3339 et
1033 3286 1098 3339 in
1123 3301 1232 3340 ναε.
1263 3284 1326 3340 S:
1364 3283 1710 3355 impediendi
1735 3284 1749 3365 J
1780 3285 1993 3338 rectam
2086 3326 2099 3339 .
2128 3285 2147 3352 ΙΙ
2174 3289 2208 3335 4
2235 3282 2382 3337 soni-

372 3357 495 3410 tum
529 3358 639 3426 (-t1‘i
679 3356 807 3426 GS)
843 3356 890 3410 85
927 3355 978 3409 d.
1017 3373 1071 3411 x.
1117 3358 1136 3426 ss
1181 3361 1212 3409 5
1251 3355 1423 3410 echea
1457 3373 1512 3411 ω.
1558 3356 1578 3426 ΙΙ
1622 3360 1652 3409 '1
1693 3354 1969 3425 d1apason
2014 3353 2088 3408 ad
2135 3369 2235 3408 om.
2270 3370 2326 3408 x.
2364 3353 2385 3426 Η

373 3432 441 3480 13
487 3426 912 3481 inclinationem
955 3430 1070 3497 (me
1111 3428 1235 3497 G'S)
1268 3445 1324 3482 x.
1374 3430 1384 3497 Ι
1434 3426 1665 3481 climata
1699 3443 1754 3481 ω.
1808 3428 1828 3495 ΙΙ
1884 3432 1948 3478 17
1996 3424 2383 3479 communibus

367 3514 427 3553 x.
465 3499 485 3567 ῃ
521 3502 588 3549 23
627 3513 823 3553 cavere
857 3515 913 3553 x.
949 3500 968 3569 fl
1005 3504 1070 3553 27
1111 3497 1158 3552 si
1195 3497 1294 3567 qui
1329 3498 1551 3554 Prawn:
1589 3496 1639 3552 si
1673 3496 1799 3567 quis
1835 3514 1889 3552 x.
