2664 3927
757 192 854 245 DE
889 190 1449 246 ARCHITECTURA
1482 191 1617 246 Lm.
1655 191 1723 262 v,
1763 197 1811 246 τ.
1849 198 1881 245 s
2207 193 2333 257 119

200 335 331 425 (εωΙ
364 342 562 402 minus
608 342 783 402 debet
827 359 952 401 esse
996 340 1216 417 pedum
1259 360 1317 415 x,
1363 359 1483 400 non
1526 342 1663 418 plus
1708 341 2033 402 duodecim.
2124 343 2336 420 grada-

317 433 510 492 tiones
557 432 853 491 scalarum
895 430 1053 489 inter
1097 447 1312 490 cuneos
1360 433 1421 489 et
1465 431 1630 490 sedes
1668 434 1875 491 contra
1913 431 2337 507 quadratorum

319 521 567 598 angulos
630 520 965 596 dirigantur
1027 518 1105 576 ad
1166 519 1423 594 primam
1486 520 2010 596 praecinctionem,
2074 539 2112 578 a
2164 540 2335 597 prae·

317 609 608 669 cinctione
652 608 811 667 inter
853 625 954 666 eas
998 607 1215 666 iterum
1259 607 1490 668 mediae
1536 609 1887 687 dirigantur,
1944 611 2005 668 et
2050 609 2125 668 ad
2180 628 2335 669 sum-

165 784 174 790 ·
262 719 288 759 5
316 718 477 758 mam
522 697 796 773 quotiens
848 695 1327 774 praecinguntur,
1384 697 1573 756 altero
1628 700 1798 758 tanto
1848 717 2080 775 semper
2125 699 2335 774 ampli-

176 883 295 941 121
313 787 656 957 ficanltlgum
703 873 850 932 haec
893 871 1093 933 omnia
1147 891 1377 931 summa
1422 892 1565 933 cura
1609 875 1993 951 sollertiaque
2040 875 2336 952 explicata
2357 884 2489 939 Vm

317 966 480 1039 sunt,
534 967 679 1021 tunc
725 962 908 1020 etiam
962 961 1306 1039 diligentius
1352 965 1443 1021 est
1488 963 2077 1024 animadvertendum
2119 964 2211 1023 uti
2256 964 2336 1024 sit

317 1053 539 1111 electus
583 1051 769 1125 locu8‚
811 1051 876 1108 in
915 1068 1031 1126 quo
1066 1049 1283 1109 leniter
1319 1050 1580 1126 adplicet
1616 1070 1677 1111 se
1717 1071 1833 1112 vox
1868 1072 2059 1129 neque
2095 1053 2335 1130 repulsa

235 1163 290 1202 10
318 1140 587 1199 resiliens
623 1139 878 1199 incertas
917 1138 1156 1198 auribus
1192 1140 1415 1198 referat
1450 1139 1927 1217 significationes
2000 1145 2140 1200 sunt
2177 1142 2337 1201 enim

231 1242 296 1292 (6)
315 1229 586 1288 nonnulli
627 1223 635 1307 Ι
674 1229 791 1288 loci
825 1227 1182 1286 naturaliter
1214 1227 1585 1304 inpedientes
1620 1228 1782 1288 vocis
1816 1232 2035 1303 motus,
2081 1230 2175 1288 uti
2217 1231 2334 1290 dis-

315 1320 592 1377 sonantes
639 1317 742 1393 qui
786 1335 992 1394 graece
1036 1316 1313 1376 dicuntur
1349 1332 1791 1391 κατηχουντεε,
1837 1318 2335 1379 circumsonantes

319 1406 421 1482 qui
467 1406 627 1483 apud
671 1425 770 1466 eos
824 1405 1208 1464 nominantur
1261 1421 1746 1480 περιηχουντεε,
1798 1405 1945 1465 item
1989 1410 2335 1467 resonantes

317 1494 419 1571 qui
464 1496 743 1554 dicuntur
788 1510 1233 1570 αντηχουντεε,
1280 1497 1789 1570 consonantesque
1836 1512 1981 1570 quos
2027 1495 2337 1571 appellant

234 1604 286 1645 15
317 1600 761 1658 cuvnxouvwc.
842 1582 1213 1643 dissonantes
1261 1585 1401 1642 sunt
1443 1583 1507 1641 in
1554 1582 1766 1659 quibus
1812 1603 1927 1643 vox
1970 1583 2163 1660 prima
2201 1603 2336 1643 cum

205 1685 297 1736 (10)
317 1676 408 1732 est
455 1673 613 1731 elata
658 1672 722 1730 in
767 1663 1188 1754 altitquinem‚
1243 1672 1467 1732 offensa
1514 1671 1911 1748 superioribus
1959 1671 2163 1732 solidis
2210 1691 2333 1733 cor-

313 1760 556 1836 poribus
608 1761 962 1836 repulsaque
1017 1761 1278 1820 residens
1330 1761 1396 1822 in
1448 1761 1569 1821 imo
1629 1760 1915 1837 opprimit
1966 1761 2333 1837 insequentis

313 1849 476 1908 vocis
521 1848 866 1923 elationem,
919 1849 1417 1909 circumsonantes
1473 1853 1673 1908 autem
1717 1851 1783 1908 in
1826 1850 2043 1926 quibus
2090 1850 2333 1912 circum-
2370 1865 2403 1914 2

314 1937 589 2015 vagando
635 1941 841 1998 coacta
885 1938 1192 1998 exsolvens
1234 1937 1299 1997 in
1344 1938 1559 2014 medio,
1604 1939 1731 1999 sine
1776 1939 2050 1999 extremis
2096 1939 2333 2001 casibus

236 2050 290 2087 20
317 2044 532 2085 sonans
575 2026 661 2085 ibi
706 2026 1090 2104 extinguatur
1131 2028 1361 2087 incerta
1400 2029 1715 2087 verborum
1750 2028 2198 2106 significatione,
2243 2049 2333 2089 re-

206 2128 295 2180 (15)
315 2118 592 2174 sonantes
628 2133 767 2173 vero
813 2115 877 2172 in
921 2115 1134 2191 quibus
1181 2135 1313 2175 cum
1354 2111 1362 2195 Ι
1404 2116 1466 2175 in
1502 2117 1691 2177 solido
1727 2120 1895 2176 tactu
1929 2136 2207 2193 percussa
2242 2138 2331 2177 re-

314 2204 495 2278 siliat,
530 2204 818 2281 imagines
856 2203 1232 2280 exprimendo
1269 2205 1620 2267 novissimos
1657 2224 1827 2266 casus
1856 2206 2122 2281 duplices
2148 2207 2335 2266 faciat

315 2292 539 2351 auditu.
613 2293 758 2351 item
802 2297 1188 2353 consonantes
1236 2296 1377 2353 sunt
1409 2294 1473 2352 in
1512 2294 1725 2370 quibus
1760 2295 1835 2354 ab
1872 2295 2007 2354 imis
2045 2295 2332 2355 aun’liata

315 2402 450 2441 cum
493 2382 854 2441 incremento
901 2381 1186 2441 scandens
1231 2382 1572 2461 egrediatur
1616 2384 1695 2442 ad
1738 2402 1909 2443 aures
1946 2383 2168 2443 diserta
2202 2404 2331 2444 ver-

235 2493 286 2533 25
312 2471 523 2529 borum
569 2470 869 2552 claritate:
948 2471 1036 2529 ita
1091 2471 1143 2530 si
1185 2471 1249 2529 in
1303 2472 1568 2530 locorum
1622 2472 1907 2532 electione
1960 2473 2144 2533 fuerit
2196 2474 2330 2532 dili-

205 2572 294 2623 (20)
313 2578 456 2637 gens
485 2559 935 2633 animadversio,
964 2559 1306 2619 emendatus
1336 2559 1451 2618 erit
1489 2554 1499 2639 Ι
1538 2561 1855 2637 prudentia
1891 2561 1970 2619 ad
2004 2562 2331 2622 utilitatem

311 2648 374 2706 in
420 2648 670 2707 theatris
716 2648 877 2707 vocis
933 2649 1188 2707 effectus·
1279 2648 1607 2707 formarum
1652 2652 1852 2708 autem
1906 2650 2329 2727 descriptiones

309 2736 469 2796 inter
511 2756 574 2805 se
620 2735 1051 2796 discriminibus
1095 2736 1188 2796 his
1225 2740 1404 2796 erunt
1437 2739 1682 2796 notatae
1718 2738 1809 2796 uti
1847 2756 2000 2814 quae
2039 2758 2109 2797 ex
2144 2739 2330 2815 quad-

455 3018 482 3065 1
523 3011 817 3067 duodecim
845 3012 915 3067 H
918 3033 932 3066 ε
967 3030 1072 3067 111.-
1095 3012 1210 3067 GS.
1265 3014 1286 3082 ΙΙ
1339 3017 1372 3066 ὅ
1410 3011 1825 3081 amplificantur
1852 3010 1989 3068 HS:
2026 3014 2331 3069 -cabuntur

310 3084 375 3139 G.
405 3085 426 3153 ΙΙ
452 3089 484 3136 8
514 3090 610 3139 eni'
639 3086 649 3154 Ι
679 3083 1084 3138 advertendum
1112 3082 1189 3137 H.
1224 3084 1232 3153 Ι
1264 3082 1593 3138 utiselectus
1622 3085 1731 3153 (-os
1756 3083 1847 3153 H)
1874 3084 2003 3141 HG
2029 3086 2114 3153 (ut
2139 3084 2189 3138 is
2216 3084 2328 3139 ele-

309 3173 432 3225 ctus
457 3172 566 3242 Gss),
592 3171 677 3227 uti
705 3171 782 3226 sit
805 3171 984 3227 lectus
1005 3171 1058 3227 S.
1087 3173 1108 3242 ss
1136 3177 1200 3225 12
1221 3170 1375 3243 greci
1393 3188 1445 3226 a.
1465 3189 1508 3227 c.
1532 3171 1601 3227 G.
1634 3178 1643 3241 Ι
1674 3171 1981 3229 caticontes
2000 3156 2239 3243 (-'contes
2268 3172 2330 3243 S)

307 3277 363 3315 x.
403 3262 424 3330 ΙΙ
466 3266 532 3314 13
567 3260 954 3331 periechontes
991 3245 1228 3331 (·'contes
1258 3260 1314 3329 S,
1352 3261 1567 3315 -contes
1602 3260 1672 3331 G)
1707 3279 1763 3316 x.
1800 3264 1821 3333 ss
1858 3268 1926 3316 14
1963 3261 2327 3317 antechontes

307 3348 363 3385 x.
418 3333 438 3401 ΙΙ
494 3337 560 3385 16
607 3332 980 3401 synechontas
1019 3331 1156 3387 HS:
1203 3331 1557 3387 sinechontes
1600 3331 1666 3386 G.
1722 3335 1742 3402 ΙΙ
1797 3338 1862 3387 17
1909 3330 2160 3387 residens
2201 3331 2326 3388 GS:

309 3401 471 3456 -dent
498 3402 574 3457 H.
621 3404 632 3474 Ι
682 3402 859 3458 inimt'i
895 3410 1022 3459 ante
1056 3419 1193 3458 corr.
1226 3403 1294 3459 G.
1350 3404 1371 3473 ΙΙ
1426 3408 1492 3456 19
1530 3402 1820 3458 exsolvens
1855 3404 1974 3473 (sic)
2009 3420 2051 3459 x
2086 3406 2176 3473 (sc.
2216 3407 2328 3459 δια-

310 3472 596 3540 (πείρουεα
641 3476 714 3528 τὰ
759 3475 1127 3544 ευνεχόμενα).
1183 3476 1202 3544 ΙΙ
1257 3479 1322 3527 21
1371 3472 1629 3529 resiliant
1664 3492 1721 3529 x.
1776 3476 1795 3544 ΙΙ
1848 3479 1917 3530 22
1964 3473 2182 3529 faciunt
2216 3492 2270 3530 ω.
2307 3474 2328 3548 ΙΙ

313 3548 383 3595 24
419 3542 660 3598 disserta
694 3561 748 3599 x.
778 3546 798 3614 ΙΙ
825 3550 892 3598 28
928 3544 1014 3599 uti
1049 3561 1220 3615 quae:
1257 3544 1452 3615 itaque
1489 3547 1565 3619 (42
1596 3546 1689 3615 ΘΟ)
1724 3562 1782 3601 ae.
