2664 3927
368 167 501 231 240
954 166 963 175 ’
1212 167 1542 222 VITRUVII

366 321 587 393 carent,
632 318 726 377 uti
769 322 971 395 patres
1015 318 1382 377 familiarum
1427 319 1504 377 ad
1547 317 1610 376 id
1658 318 1815 394 quod
1851 318 2422 394 praeparavissent,

366 426 470 467 seu
523 409 700 482 paulo
757 408 1013 484 amplius
1068 407 1415 482 adicienteS,
1475 407 1742 465 aedificia
1798 408 2155 482 expedirent.
2199 402 2208 485 Ι
2254 427 2422 466 nam
2445 417 2563 472 243

367 496 471 571 qui
542 497 977 575 quadringenta
1040 497 1118 554 ad
1181 514 1327 573 opus
1392 500 1642 572 possunt
1702 514 1942 571 parare,
2013 497 2064 555 si
2128 496 2420 555 adicient

366 589 631 659 centum,
684 586 954 645 habendo
1002 604 1167 659 spem
1222 586 1602 660 perfectionis
1649 584 2136 643 delectationibus
2171 588 2415 644 -tenen-

366 678 490 749 tur,
548 675 654 750 qui
708 678 909 733 autem
963 673 1289 733 adiectione
1346 674 1591 731 dimidia
1647 676 1753 732 aut
1808 674 2091 749 ampliore
2143 678 2414 750 sumptu
2447 696 2472 734 5

368 766 705 835 onerantur,
750 763 969 822 amissa
1014 781 1116 838 spe
1163 766 1223 821 et
1266 764 1516 839 inpensa
1562 762 1812 836 abiecta,
1856 763 2060 821 fractis
2105 761 2290 821 rebus
2339 768 2415 822 et

298 869 311 885 ⁶
368 852 581 909 animis
629 842 924 932 desilstere
972 854 1280 928 coguntur.
1363 871 1469 910 nec
1513 851 1707 910 solum
1749 851 1812 909 id
1857 851 2074 910 vitium
2115 851 2182 909 in
2230 852 2410 911 aedi·
2433 864 2496 915 (5)

366 939 515 998 ficiis
570 940 671 998 sed
726 940 907 998 etiam
961 940 1024 997 in
1077 940 1420 1019 muneribus
1474 959 1624 1015 quae
1658 938 2212 1025 Qfibus
2261 942 2406 999 foro

368 1027 770 1103 gladiatorum
816 1028 1198 1110 scaenisque·-
1228 1049 1298 1105 11ἠ
1309 1048 1490 1111 grum
1510 1022 1760 1112 ffifitff,
1809 1028 2020 1103 quibus
2066 1048 2174 1087 nec
2219 1048 2408 1087 mora

367 1096 942 1192 nefflio
999 1118 1341 1177 conceditur
1395 1118 1497 1176 sed
1539 1118 1858 1176 necessitas
1904 1116 2073 1176 finito
2117 1120 2404 1193 tempore
2438 1142 2488 1179 ιο

366 1204 642 1280 perficere
689 1206 867 1283 cogit,
910 1207 973 1263 id
1019 1209 1109 1265 est
1154 1207 1317 1265 sedes
1365 1207 1834 1281 spectaculorum
1877 1207 2264 1281 velorumque
2305 1209 2404 1264 in-

368 1291 673 1353 ductiones
720 1298 780 1354 et
821 1314 890 1353 ea
931 1290 939 1374 Ι
982 1294 1180 1355 01111113
1218 1314 1369 1370 01130
1407 1295 1687 1354 3030111013
1724 1295 1984 1371 moribus
2020 1314 2126 1369 per
2161 1296 2510 1353 machi-‹10›

366 1383 669 1443 nationem
706 1384 783 1441 ad
820 1384 1212 1459 spectationes
1249 1385 1474 1459 populo
1512 1387 1946 1459 comparantur.
2017 1384 2080 1441 in
2115 1384 2209 1442 his
2247 1404 2400 1444 vero

368 1489 513 1547 opus
570 1475 660 1531 est
713 1472 1030 1548 prudentia
1087 1473 1339 1548 diligens
1395 1476 1455 1531 et
1507 1473 1732 1549 ingenii
1788 1472 2115 1531 doctissimi
2161 1474 2400 1549 cogita-

367 1564 512 1636 tum,
560 1559 718 1637 quod
761 1562 911 1619 nihil
949 1580 1153 1619 eorum
1189 1561 1492 1635 perficitur
1527 1563 1652 1621 sine
1688 1560 2124 1621 machinatione
2163 1563 2400 1621 studio·
2431 1584 2482 1622 15

366 1670 613 1725 rumque
658 1650 825 1710 vario
873 1668 943 1708 ac
987 1649 1215 1707 sollerti
1259 1650 1479 1727 vigore.
1551 1650 1738 1726 igitur
1785 1650 2064 1726 quoniam
2108 1650 2258 1709 haec
2305 1652 2398 1709 ita

368 1742 510 1796 sunt
563 1739 786 1797 tradita
832 1741 892 1797 et
937 1740 1281 1813 constituta,
1323 1734 1331 1816 Ι
1372 1758 1491 1797 11011
1536 1739 1772 1797 videtur
1818 1758 1941 1798 esse
1990 1738 2252 1797 alienum
2300 1741 2394 1799 uti
2417 1750 2502 1804 (15)

369 1830 541 1885 caute
596 1846 939 1903 summaque
986 1827 1323 1904 diligentia,
1385 1830 1707 1903 antequam
1749 1828 2144 1887 instituantur
2191 1847 2396 1905 opera,

370 1933 572 1974 eorum
644 1917 1030 1992 expediantur
1101 1916 1379 1976 rationes.
1491 1936 1628 1994 ergo
1693 1916 1976 1993 quoniam
2037 1936 2229 1993 neque
2298 1920 2395 1978 lex

368 2023 559 2079 neque
612 2025 844 2065 morum
896 2006 1195 2065 institutio
1251 2005 1313 2064 id
1357 2009 1556 2081 potest
1601 2026 1808 2083 cogere
1855 2009 1914 2065 et
1961 2008 2284 2082 quotannis
2335 2013 2396 2067 et
2423 2031 2478 2068 20

367 2096 666 2168 praetores
714 2097 775 2152 et
819 2095 1036 2153 aediles
1081 2095 1356 2155 ludorum
1403 2113 1580 2154 causa
1625 2096 2090 2154 machinationes
2135 2115 2392 2171 praepa-

366 2200 497 2263 rare
535 2181 765 2256 debent,
800 2183 996 2241 visum
1032 2184 1176 2241 mihi
1216 2187 1321 2258 est,
1356 2184 1699 2259 imperator,
1740 2180 1748 2262 Ι
1789 2204 1910 2242 11011
1946 2203 2068 2242 0330
2108 2185 2392 2259 alienum,
2415 2197 2500 2249 (30)

370 2271 651 2346 quoniam
718 2271 788 2329 de
852 2271 1131 2331 aedificiis
1195 2273 1258 2331 in
1319 2273 1614 2349 prioribus
1669 2273 2068 2332 voluminibus
2125 2275 2392 2350 exposui,

367 2359 431 2416 in
484 2359 595 2417 hoc
651 2359 808 2435 quod
857 2360 1186 2420 finitionem
1232 2381 1523 2420 summam
1569 2361 1828 2436 corporis
1874 2362 2054 2420 habet
2098 2363 2389 2421 constitu—

366 2449 518 2521 tam,
574 2468 725 2523 qnae
779 2449 900 2507 sint
942 2451 1236 2526 principia
1281 2451 1688 2508 machinarum
1734 2449 2006 2509 ordinata
2051 2452 2390 2526 praeceptis
2419 2473 2472 2512 25

369 2537 675 2611 explicare.

499 2626 773 2684 Machina
834 2630 924 2686 est
978 2628 1281 2687 continens
1339 2647 1367 2686 e
1418 2629 1670 2686 materia
1716 2627 2050 2688 coniunctio
2096 2629 2389 2688 maximas

372 2706 381 2796 Ι
414 2715 490 2772 3(1
546 2733 791 2774 onerum
840 2719 1038 2775 motus
1083 2717 1305 2774 habens
1353 2715 1618 2776 virtutes.
1711 2735 1781 2775 ea
1825 2719 2096 2775 movetur
2142 2737 2212 2775 ex
2259 2723 2389 2776 arte
2411 2731 2496 2781 (35)

367 2804 721 2863 circulorum
764 2805 1297 2882 rotundationibus,
1345 2825 1528 2880 quam
1564 2805 1773 2864 Graeci
1819 2805 2110 2879 κυκλικην
2150 2822 2391 2880 κινηειν

258 2893 262 2898 ’
368 2894 690 2968 appellant.
766 2897 856 2953 est
892 2897 1097 2953 autem
1132 2915 1315 2953 unum
1353 2913 1538 2971 genus
1577 2893 1940 2954 scansorium
1979 2895 2140 2970 quod
2176 2914 2389 2971 graece
2417 2917 2470 2957 so

368 2982 785 3056 ακροβατικον
859 2984 1100 3057 dicitur,
1173 2983 1429 3042 alterum
1493 2983 1771 3059 spirabile
1836 2983 1997 3058 quod
2062 2984 2221 3058 apud
2288 3003 2389 3044 eos

510 3139 542 3186 3
580 3131 961 3204 quadraginta
994 3150 1048 3188 ω.
1086 3136 1104 3204 ΙΙ
1142 3139 1171 3187 9
1212 3133 1557 3203 scenicisque
1593 3152 1647 3189 ω.
1687 3136 1704 3204 ΙΙ
1743 3140 1805 3187 11
1845 3133 2196 3188 inductiones
2239 3139 2387 3190 sunt.

368 3204 414 3256 &
452 3220 521 3258 ea
555 3222 595 3258 x
632 3205 790 3273 (-nes.
849 3206 980 3256 sunt
1016 3205 1145 3259 &ea
1172 3205 1277 3272 E).
1314 3208 1334 3274 ΙΙ
1372 3211 1437 3258 13
1477 3205 1852 3275 spectationes
1881 3205 1941 3258 E
1952 3205 2027 3259 G:
2065 3204 2180 3258 —nis
2213 3205 2286 3260 H
2288 3205 2342 3260 S.
2373 3209 2392 3278 ll

371 3280 437 3327 14
474 3274 729 3344 cogitata
764 3293 818 3330 x.
874 3277 893 3344 ΙΙ
947 3280 1012 3328 21
1052 3275 1485 3330 machinationis
1533 3279 1652 3347 (ipa
1691 3278 1850 3346 corr.)
1889 3275 1964 3330 SG.
2018 3279 2037 3344 ΙΙ
2091 3281 2159 3328 24
2206 3278 2388 3344 quod:

369 3379 465 3444 qui
502 3398 555 3433 ω.
586 3382 603 3448 ΙΙ
632 3385 699 3433 27
739 3379 1008 3435 emateria
1038 3381 1106 3434 H
1109 3382 1171 3435 E
1180 3383 1255 3437 G:
1286 3360 1552 3450 '‘ffateria
1579 3383 1624 3437 S
1655 3385 1744 3451 (ex
1779 3400 1952 3452 supra
1979 3381 2073 3451 8⁰).
2103 3385 2122 3451 ΙΙ
2149 3387 2218 3462 233
2261 3399 2390 3438 arce

367 3451 955 3577 ἓ11182οῗοὲιὲὲῑὲοὲἓι
993 3458 1100 3520 que
1129 3453 1197 3508 H
1226 3455 1298 3523 (q.
1338 3471 1418 3524 gr.
1457 3471 1556 3509 om.
1588 3454 1671 3524 S).
1706 3457 1713 3524 Ι
1747 3453 1991 3524 cyclicen
2029 3453 2246 3507 0111οε111
2281 3471 2344 3511 x.
2371 3456 2394 3527 ΙΙ
