2664 3927
347 153 482 218 260
1194 147 1527 204 VITRUVH

350 305 494 382 pani
535 305 732 362 fronte
779 300 1068 362 denticuli
1109 299 1495 377 perficiantur
1538 299 1873 375 aequaliter
1914 299 2087 358 divisi
2128 317 2375 357 numero

353 392 772 470 quadringenti
853 390 1266 450 convenientes
1342 388 1643 448 denticulo
1716 389 1989 464 tympani
2059 388 2375 446 inferioris.

365 473 376 564 Ι
407 485 717 558 praeterea
771 480 1059 556 superiori
1111 482 1399 554 tympano
1454 477 1532 536 ad
1574 477 1736 537 latus
1780 476 2001 554 figatur
2045 477 2199 536 alter
2238 475 2381 536 den-
2400 488 2496 539 (25)

288 577 320 625 3
357 572 576 630 ticulus
622 570 961 646 prominens
997 570 1166 626 extra
1201 567 1425 626 dentes.
1488 586 1669 642 super
1702 567 1903 625 autem
1938 560 2380 644 (tympanum)

355 661 605 736 planum
645 655 655 738 Ι
695 658 902 717 eadem
943 658 1176 716 ratione
1215 656 1527 714 dentatum
1560 655 1856 714 inclusum
1890 655 1954 713 in
1991 655 2183 714 altero
2218 655 2379 714 locu·
2400 662 2529 719 264

355 750 618 808 lamento
666 747 1030 819 conlocetur,
1075 743 1561 805 convenientibus
1606 743 1881 803 dentibus
1918 743 2227 804 denticulo
2274 745 2379 820 qui
2409 765 2437 806 e

351 838 420 896 -in
465 836 706 896 secundi
751 833 1024 911 tympani
1068 835 1257 893 latere
1301 834 1485 892 fuerit
1526 832 1703 908 fixu8,
1748 833 1813 891 in
1858 851 2046 909 eoque
2092 834 2379 910 tympano

355 927 651 986 foramina
690 924 841 983 fiant
877 925 1168 999 quantum
1203 922 1403 981 diurni
1438 921 1668 982 itineris
1702 921 2099 981 miliariorum
2134 941 2379 982 numero

356 1015 539 1074 raeda
583 1014 774 1090 possit
805 1005 821 1094 1
863 1013 1036 1072 exire.
1125 1013 1324 1071 minus
1370 1012 1579 1088 plusve
1620 1031 1749 1069 rem
1792 1011 1945 1070 nihil
1989 1011 2237 1088 inpedit.
2318 1014 2381 1070 et
2400 1021 2466 1074 (5)

355 1103 422 1162 in
483 1103 578 1162 his
639 1101 1029 1162 foraminibus
1093 1101 1365 1161 omnibus
1420 1100 1635 1160 calculi
1678 1099 1930 1159 ‚rotundi
1982 1101 2381 1176 conlocentur,
2411 1122 2469 1162 ιο

355 1191 537 1268 inque
589 1193 716 1251 eius
770 1191 1045 1268 tympani
1089 1191 1280 1274 theca,
1327 1191 1451 1248 sive
1496 1189 1561 1248 id
1609 1190 2075 1249 loculamentum
2120 1191 2228 1264 est,
2272 1189 2383 1249 fiat

351 1282 624 1340 foramen
667 1301 854 1340 unum
895 1280 1119 1339 habens
1166 1279 1582 1353 canaliculum,
1628 1298 1749 1354 qua
1790 1277 2008 1338 calculi
2052 1277 2158 1355 qui
2200 1279 2267 1336 in
2310 1297 2380 1338 eo

357 1373 647 1447 tympano
691 1368 941 1446 inpositi
982 1369 1223 1443 fuerint,
1267 1387 1407 1426 cum
1451 1367 1528 1426 ad
1574 1387 1709 1426 eum
1753 1367 1949 1426 locum
1983 1367 2274 1442 venerint,
2314 1368 2383 1426 in

360 1460 574 1519 raedae
621 1478 868 1535 capsum
911 1461 972 1516 et
1014 1476 1121 1516 vas
1167 1475 1419 1515 aeneum
1457 1451 1466 1529 Ι
1508 1457 1669 1532 quod
1702 1457 1818 1514 erit
1853 1457 2228 1532 suppositum
2263 1456 2382 1515 sin-
2401 1466 2495 1520 (10)

287 1555 323 1602 4
362 1549 490 1626 guli
535 1549 742 1608 cadere
788 1547 1036 1624 possint.
1098 1545 1189 1604 ita
1233 1564 1368 1603 cum
1410 1547 1545 1603 rota
1580 1544 1964 1622 progrediens
2000 1563 2200 1605 secum
2236 1549 2383 1622 agat
2412 1565 2468 1606 ιε

357 1640 713 1714 tympanum
755 1637 943 1694 imum
989 1637 1053 1694 et
1087 1634 1457 1694 denticulum
1492 1633 1618 1693 eius
1654 1634 1907 1712 singulis
1943 1633 2381 1694 versationibus

357 1727 633 1803 tympani
705 1725 1026 1801 superioris
1097 1723 1426 1783 denticulos
1496 1722 1741 1798 inpulsu
1802 1725 1981 1800 cogat
2040 1723 2383 1800 praeterire,

361 1815 580 1874 efficiet
622 1816 695 1872 ut
739 1832 874 1872 cum
919 1830 1076 1872 cccc
1121 1813 1308 1870 imum
1343 1812 1645 1871 versatum
1678 1812 1880 1886 fuerit,
1924 1812 2192 1887 superius
2226 1814 2384 1887 tym-

359 1922 586 1981 panum
631 1903 813 1962 semel
850 1902 1288 1979 circumagatur
1322 1903 1385 1960 et
1419 1900 1751 1960 denticulus
1788 1901 1895 1977 qui
1930 1902 2021 1960 est
2058 1894 2069 1973 Ι
2110 1899 2187 1958 ad
2221 1901 2384 1960 latus
2405 1911 2496 1963 (15)

363 1993 489 2051 eius
534 1993 684 2051 fixus
729 2012 913 2050 unum
959 1992 1325 2051 denticulum
1368 1991 1641 2067 tympani
1677 1990 1845 2066 plani
1878 1989 2185 2067 producat.
2250 2009 2387 2050 cum
2414 2012 2471 2052 so

361 2098 504 2159 ergo
552 2098 709 2139 cccc
764 2080 1198 2140 versationibus
1244 2080 1353 2137 imi
1396 2080 1671 2155 tympani
1716 2080 1898 2139 semel
1942 2080 2211 2155 superius
2256 2098 2387 2139 ver·-

363 2169 622 2245 sabitur,
679 2187 1026 2246 progressus
1085 2168 1305 2228 efficiet
1364 2168 1560 2245 spatia
1616 2168 1835 2244 pedum
1892 2168 2062 2227 milia
2116 2169 2388 2245 quinque

363 2258 429 2318 id
463 2261 556 2318 est
589 2276 799 2334 passus
835 2257 1016 2316 mille.
1079 2276 1149 2317 ex
1185 2277 1256 2317 eo
1295 2261 1444 2334 quot
1478 2258 1697 2317 calculi
1732 2257 2076 2332 deciderint,
2118 2258 2385 2317 sonando

362 2348 600 2425 singula
643 2346 813 2405 milia
859 2347 1044 2407 exisse
1089 2347 1431 2407 monebunt.
1511 2365 1789 2405 numerus
1834 2365 1974 2406 vero
2022 2346 2387 2405 calculorum

367 2428 468 2517 {ex
537 2436 657 2494 imo
721 2436 1001 2495 collectus
1065 2454 1296 2495 summa
1358 2435 1558 2494 diurni
1618 2430 1935 2515 (itineris)
1995 2435 2555 2499 miliariorumffico)

362 2543 672 2584 numerum
713 2524 1020 2584 indicabit.

295 2618 328 2666 5
499 2614 919 2691 Navigationis
979 2633 1118 2673 vero
1177 2613 1453 2673 similiter
1510 2614 1717 2688 paucis
1774 2613 1952 2672 rebus
2006 2615 2386 2675 commutatis

367 2702 608 2762 eaedem
662 2703 924 2763 rationes
973 2701 1330 2761 efficiuntur.
1420 2720 1679 2778 namque
1724 2702 2000 2762 traicitur
2041 2722 2152 2779 per
2192 2704 2388 2761 latera

449 2974 456 2981 ·
512 2950 539 2997 1
580 2942 823 2998 ftontem
867 2946 943 3013 (-ὂ
983 2942 1056 3012 G)
1090 2960 1146 2998 x.
1211 2944 1230 3012 ΙΙ
1293 2948 1324 2996 2
1365 2936 1678 2996 denticulos
1714 2959 1769 2997 ω.
1833 2944 1853 3013 ss
1916 2947 1949 2995 4
1987 2959 2155 3013 super
2196 2945 2391 2997 autem

364 3014 598 3084 planum
623 3032 679 3069 x.
707 3016 727 3084 ΙΙ
755 3020 786 3068 5
823 3013 883 3067 in
919 3014 1100 3067 alteru
1138 3013 1515 3068 loculamentfi
1543 3012 1620 3068 H.
1658 3015 1677 3082 ΙΙ
1712 3018 1744 3067 8
1784 3012 2035 3068 diuturni
2060 3032 2116 3069 x.
2145 3016 2164 3084 ΙΙ
2192 3018 2223 3069 9
2260 3030 2391 3068 cum

364 3088 516 3158 rae(e
549 3086 619 3153 G,
647 3101 702 3139 -e
723 3085 917 3155 E)dae
945 3084 1135 3153 (redae
1169 3085 1260 3155 6⁷⁶)
1327 3084 1471 3139 ossit
1496 3083 1700 3139 exirem.
1730 3088 1748 3153 ΙΙ
1778 3089 1845 3137 10
1873 3085 1919 3139 ὦ
1947 3086 2063 3155 (H)
2090 3102 2189 3141 om.
2208 3086 2350 3141 EG.

369 3161 434 3209 11
492 3158 580 3210 est
631 3173 732 3211 om.
773 3156 834 3211 E
887 3154 1025 3224 (sive
1079 3156 1142 3210 ιᾶ
1195 3156 1232 3210 1.
1314 3172 1542 3210 oramen
1586 3160 1633 3209 δ.
1689 3156 1792 3210 fiat
1835 3158 1915 3212 sic
1944 3156 2023 3224 G,
2071 3174 2187 3212 ‘non
2220 3157 2324 3226 E).

369 3232 437 3280 14
473 3226 700 3297 singula
726 3227 862 3282 EG.
903 3228 922 3296 ΙΙ
960 3231 1025 3279 17
1062 3226 1349 3296 tympanis
1378 3228 1439 3281 E
1468 3233 1520 3281 et
1554 3229 1701 3295 (ante
1736 3229 1896 3295 corr.)
1926 3227 1994 3283 θ.
2027 3231 2036 3298 Ι
2069 3226 2390 3283 denticulus

367 3298 428 3349 E
463 3304 514 3351 et
547 3301 696 3367 (ante
731 3299 890 3367 corr.)
927 3298 998 3353 G.
1051 3299 1072 3367 ΙΙ
1125 3303 1192 3352 18
1230 3298 1294 3351 ut
1329 3315 1432 3353 om.
1469 3315 1526 3352 ω.
1577 3299 1586 3363 Ι
1642 3316 1770 3351 cccc
1808 3299 1907 3368 (sic
1940 3299 2097 3364 infra
2130 3300 2217 3369 αὐτ
2258 3314 2392 3356 ecce

367 3368 500 3434 (hic)
533 3385 588 3422 x.
625 3370 645 3437 ΙΙ
683 3374 749 3422 19
779 3368 1188 3438 circumagitur
1219 3386 1276 3424 x.
1313 3372 1334 3439 ΙΙ
1371 3374 1436 3422 21
1474 3386 1526 3424 v.
1564 3368 1884 3440 intympani
1911 3368 2048 3424 EG.
2092 3372 2102 3439 Ι
2144 3368 2314 3423 simul
2350 3389 2393 3426 x

368 3437 564 3501 (semel
585 3439 681 3507 L).
709 3441 730 3508 ΙΙ
758 3443 825 3492 23
852 3438 1004 3507 quod
1029 3456 1084 3494 x.
1111 3442 1134 3509 ΙΙ
1157 3444 1227 3493 25
1256 3456 1326 3493 ex
1353 3457 1464 3493 uno
1490 3457 1544 3494 cc.
1578 3444 1587 3510 Ι
1620 3457 1839 3495 summa
1864 3442 1944 3523 ζ-ἓ,
1976 3440 2069 3510 6⁰)
2099 3439 2286 3495 diurni
2313 3458 2391 3498 m.
2422 3473 2433 3489 ·

370 3520 428 3556 x.
461 3506 482 3571 11
517 3510 582 3559 27
620 3508 1078 3578 navigationibus
1115 3509 1236 3580 (-b;)
1274 3528 1330 3566 x.
1376 3513 1396 3581 ΙΙ
1441 3517 1508 3566 28
1546 3511 1743 3566 eadem
1779 3514 1998 3567 ratione
2033 3528 2090 3567 x.
