2664 3927
744 191 840 246 DE
878 189 1435 247 ARCHITECTURA
1470 189 1602 243 LIB.
1640 189 1709 257 H,
1746 195 1795 245 5.
1835 194 1866 243 6
2270 178 2307 252 1'

301 345 647 420 penetrante
700 343 765 401 in
817 342 1174 401 foraminum
1223 341 1503 399 raritates
1559 190 2313 460 οοηὲθΠοεΜθ-

301 432 620 510 frigeratus
672 432 845 490 reicit
897 449 967 489 ex
1021 429 1198 490 calcis
1251 447 1496 505 corpore
1539 430 1849 529 fervore92
1936 428 2069 488 ideo
2116 431 2315 488 autem
2352 444 2386 491 3

304 540 420 597 quo
463 520 722 597 pondere
767 538 912 578 saxa
957 519 1283 579 coiciuntur
1325 519 1392 577 in
1433 509 1753 597 fornacem,
1802 537 1936 577 cum
1982 518 2317 577 eximuntur

198 617 272 674 42
302 628 420 669 non
455 612 704 685 possunt
739 608 818 667 ad
853 607 915 666 id
956 600 964 687 Ι
1003 606 1372 683 respondere,
1418 608 1552 666 sed
1558 626 1692 666 cum
1727 605 2150 682 expenduntur,
2186 626 2315 683 per-

251 718 276 757 5
302 701 577 757 manente
637 716 708 757 ea
770 694 1207 773 magnitudine,
1270 699 1507 756 excocto
1570 695 1800 772 liquore
1854 695 2087 755 circiter
2138 696 2317 754 tertia

302 789 473 863 parte
498 785 776 863 ponderis
803 785 1099 843 inminuta
1126 802 1252 843 esse
1278 784 1674 843 inveniuntur.
1738 785 1922 861 igitur
1949 802 2083 843 cum
2107 785 2318 860 patent

303 876 598 933 foramina
642 892 845 933 eorum
890 876 952 932 et
984 873 1280 948 raritates,
1323 872 1579 932 harenae
1613 874 1959 932 mixtionem
1994 873 2058 932 in
2094 890 2155 931 se
2193 890 2315 933 cor-

223 976 285 1023 (5)
303 965 532 1041 ripiunt
576 965 637 1021 et
681 964 769 1021 ita
815 952 1250 1043 cohaelrescunt
1295 960 1774 1037 siccescendoque
1820 980 1956 1021 cum
2000 962 2317 1022 caementis

303 1054 518 1111 coeunt
563 1054 624 1111 et
668 1050 932 1110 efficiunt
976 1052 1407 1109 structurarum
1452 1049 1830 1109 soliditatem.

224 1162 277 1201 10
435 1141 548 1199 Est
601 1140 783 1199 etiam
835 1157 1017 1217 genus
1071 1139 1335 1214 pulveris
1393 1136 1550 1213 quod
1604 1136 1786 1198 efficit
1829 1139 2183 1198 naturaliter
2225 1157 2318 1199 res
2346 1148 2425 1203 VI

305 1227 699 1288 admirandas.
797 1229 1060 1287 nascitur
1112 1228 1177 1286 in
1238 1225 1577 1304 regionibus
1630 1226 1874 1285 Baianis
1929 1230 1990 1285 et
2041 1228 2104 1287 in
2160 1228 2319 1305 agris

306 1317 762 1393 municipiorum
817 1335 969 1393 quae
1025 1319 1163 1375 sunt
1215 1317 1373 1375 circa
1416 1314 1744 1373 Vesuvium
1796 1318 2072 1373 montem.
2163 1315 2322 1391 quod

197 1418 286 1470 (1⁰)
307 1397 706 1488 comlmixtum
751 1425 884 1466 cum
920 1405 1080 1465 calce
1116 1408 1177 1464 et
1213 1406 1517 1465 caemento
1552 1422 1673 1463 non
1707 1402 1883 1463 modo
1920 1404 2127 1463 ceteris
2165 1405 2323 1463 aedi-

304 1495 452 1555 ficiis
505 1498 774 1571 praestat
816 1495 1186 1570 firmitatem,
1231 1492 1336 1553 sed
1381 1493 1563 1552 etiam
1606 1492 1791 1551 moles
1839 1511 1972 1551 cum
2016 1494 2324 1551 struuntur

226 1604 277 1646 15
305 1584 368 1643 in
403 1585 572 1660 mari,
609 1583 715 1643 sub
753 1602 911 1660 aqua
947 1583 1322 1642 solidescunt.
1395 1582 1507 1641 hoc
1544 1584 1745 1640 autem
1778 1580 1905 1639 fieri
1945 1581 2057 1640 hac
2091 1581 2325 1640 ratione

306 1672 541 1731 videtur
586 1672 745 1749 quod
789 1672 896 1731 sub
942 1672 1034 1730 his
1078 1671 1379 1731 montibus
1425 1673 1486 1729 et
1530 1673 1723 1729 terrae
1759 1669 2051 1729 ferventes
2090 1671 2229 1729 sunt
2264 1673 2325 1728 et

309 1761 503 1821 fontes
550 1759 754 1835 crebri,
802 1762 904 1837 qui
947 1780 1068 1820 non
1113 1762 1326 1836 essent,
1372 1761 1423 1819 si
1469 1777 1588 1819 non
1631 1759 1695 1817 in
1738 1758 1858 1817 imo
1898 1756 2185 1817 haberent
2219 1759 2325 1817 aut

199 1860 290 1913 (15)
312 1868 344 1908 e
401 1848 677 1924 sulphure
717 1843 727 1928 1
768 1851 875 1908 aut
927 1849 1186 1907 alumine
1233 1851 1339 1907 aut
1381 1847 1670 1907 bitumine
1720 1845 1991 1906 ardentes
2036 1846 2327 1906 maximos

313 1937 496 2016 ignes,
586 1937 772 2015 igitur
822 1938 1059 2016 penitus
1113 1938 1268 2016 ignis
1325 1940 1385 1997 et
1436 1935 1711 1995 flammae
1755 1954 1943 2013 vapor
1994 1954 2101 2012 per
2144 1936 2324 1995 inter-

229 2052 284 2093 20
311 2027 487 2089 venia
539 2047 891 2105 permanans
947 2030 1008 2086 et
1061 2025 1271 2086 ardens
1327 2025 1509 2085 efficit
1553 2026 1743 2085 levem
1788 2043 1920 2084 eam
1964 2027 2210 2101 terram,
2265 2029 2329 2084 et

282 2119 396 2178 ibi
445 2119 548 2194 qui
592 2118 856 2177 nascitur
898 2117 1058 2176 tofus
1103 2118 1345 2194 turgens
1392 2117 1483 2176 est
1526 2115 1652 2176 sine
1696 2115 1942 2193 liquore.
2016 2133 2153 2194 ergo
2192 2133 2329 2173 cum

311 2211 431 2267 tres
485 2225 577 2266 res
633 2207 926 2267 consimili
975 2208 1208 2268 ratione
1268 2208 1424 2286 ignis
1478 2207 1849 2267 vehementia
1909 2206 2199 2267 formatae
2262 2204 2327 2264 in

203 2309 292 2362 (ιο)
313 2316 494 2356 unam
529 2297 906 2373 pervenerint
940 2299 1302 2373 mixtionem,
1344 2290 1352 2378 Ι
1391 2299 1633 2373 repente
1670 2298 1906 2372 recepto
1941 2295 2171 2371 liquore
2208 2313 2328 2354 una

314 2386 734 2446 cohaerescunt
778 2388 839 2445 et
883 2386 1151 2446 celeriter
1194 2405 1399 2445 umore
1444 2385 1691 2444 duratae
1736 2383 2083 2459 solidantur,
2136 2403 2326 2459 neque

231 2496 284 2538 25
314 2493 413 2534 eas
477 2475 690 2535 fluctus
753 2493 944 2550 neque
997 2476 1087 2535 vis
1151 2493 1343 2551 aquae
1404 2477 1603 2551 potest
1654 2473 1989 2533 dissolvere.
2089 2472 2326 2532 ardores
2364 2489 2395 2536 2

315 2565 516 2622 autem
579 2581 706 2622 esse
768 2564 832 2620 in
893 2563 986 2622 his
1039 2564 1184 2624 locis
1239 2565 1423 2623 etiam
1474 2563 1619 2622 haec
1672 2580 1765 2622 res
1818 2563 2017 2638 potest
2067 2561 2329 2621 indicare

319 2650 477 2727 quod
521 2652 585 2710 in
629 2651 930 2711 montibus
977 2651 1375 2712 Cumanorum
1418 2652 1663 2710 Baianis
1708 2653 1847 2709 sunt
1894 2651 2025 2709 loca
2069 2650 2329 2709 sudatio-

206 2753 297 2805 (25)
317 2739 490 2799 nibus
536 2743 838 2815 excavata,
887 2741 951 2800 in
998 2741 1210 2817 quibus
1246 2760 1434 2817 vapor
1467 2739 1728 2799 fervidus
1765 2739 1839 2797 ab
1876 2740 1995 2799 imo
2036 2731 2045 2819 Ι
2085 2757 2329 2797 nascens

310 2828 467 2906 ignis
494 2828 866 2888 vehementia
901 2831 1167 2906 perforat
1203 2848 1336 2888 eam
1370 2832 1592 2888 terram
1625 2847 1733 2904 per
1760 2846 2007 2903 eamque
2034 2825 2331 2886 manando

460 3057 523 3105 11
563 3052 622 3105 et
657 3067 756 3106 om
795 3067 850 3106 x.
905 3052 924 3119 ΙΙ
980 3055 1048 3104 14
1091 3050 1391 3122 firmitate!
1442 3053 1571 3120 (pro
1613 3051 1716 3119 -te)
1757 3050 1831 3105 6·
1880 3052 1988 3103 -tes
2012 3045 2276 3130 .HS(G⁶.)
2313 3048 2335 3120 ΙΙ

318 3127 383 3175 18
423 3120 686 3190 sulphure
719 3121 845 3177 68.
885 3121 1109 3203 sulpure
1155 3123 1254 3192 (sic
1288 3123 1388 3176 hoc
1421 3123 1535 3176 solo
1572 3122 1705 3191 loco)
1733 3120 1810 3174 H.
1848 3122 1867 3190 ΙΙ
1905 3126 1970 3173 19
2008 3118 2155 3174 inter
2188 3135 2333 3172 vena

313 3193 522 3262 (venia)
551 3191 628 3247 S².
666 3193 686 3261 ΙΙ
723 3196 788 3245 21
828 3191 950 3260 qui:
997 3192 1148 3260 quod
1193 3191 1291 3262 (qd
1320 3191 1449 3260 GS)
1485 3209 1525 3246 x
1561 3193 1650 3260 (cf.
1682 3209 1740 3260 p.
1769 3195 1857 3258 44,
1876 3193 1987 3260 23)
2022 3191 2031 3262 Ι
2062 3189 2265 3260 tophus
2294 3189 2340 3244 8

315 3265 429 3333 (qui
456 3266 546 3331 44,
565 3267 634 3318 12
661 3261 926 3333 thophus)
962 3270 1027 3318 ut
1053 3266 1141 3330 44,
1057 3266 1230 3387 &ur24
1258 3269 1308 3318 et
1334 3264 1484 3318 Plin.
1507 3268 1596 3330 11,
1614 3266 1743 3319 203.
1778 3265 1785 3328 Ι
1818 3278 2091 3332 exurgens
2119 3261 2188 3316 H
2220 3263 2331 3330 (ex-

317 3349 548 3403 surgens
579 3333 707 3403 68)
751 3335 972 3402 κῆρι·
1211 3350 1307 3388 ens
1355 3335 1444 3404 (=
1470 3336 1582 3388 sive
1626 3335 1801 3402 simpl.
1849 3335 2080 3402 turgens
2128 3333 2239 3386 sive
2276 3333 2335 3384 et

315 3407 581 3473 turgens).
624 3406 644 3474 ss
683 3407 751 3457 25
790 3351 1093 3459 dissolvere
1193 3406 1256 3460 8.
1295 3404 1416 3458 dies
1454 3405 1666 3458 solvere
1698 3405 1765 3460 6.
1806 3405 1826 3472 ΙΙ
1868 3408 1934 3456 27
1974 3406 2219 3456 cfianorfi
2252 3402 2329 3457 6.

318 3491 444 3529 cum
474 3477 483 3544 Ι
518 3491 786 3529 annorum
814 3474 895 3542 H,
931 3481 1271 3530 cumannorfi
1301 3476 1355 3532 S.
1384 3478 1403 3546 ΙΙ
1432 3481 1497 3530 29
1528 3482 1655 3546 post
1680 3473 1963 3528 manando
1992 3475 2189 3529 iterum
2225 3472 2331 3526 fer-

315 3544 478 3600 vidus
519 3545 591 3599 ab
628 3545 744 3599 imo
779 3561 1013 3600 nascens
1047 3565 1158 3616 rep.
1193 3566 1250 3604 ω.
