2664 3927
349 145 507 203 XXII

355 292 450 344 sta
529 289 641 346 ἰς-
677 308 742 342 111
789 291 847 344 et
895 289 1171 359 decoques
1224 305 1326 358 per
1372 288 1493 343 dies
1528 308 1587 342 11.
1662 288 1939 344 Tinctio
1988 287 2385 359 sanguinea.

359 361 427 414 In
451 307 610 414 ffibra
645 360 839 415 mittes
878 359 1212 414 cinnabarin
1237 375 1293 416 -2-
1319 379 1385 412 m
1420 361 1479 413 et
1517 360 1791 428 decoques
1822 359 1941 414 dies
1971 360 2128 414 duos.
2185 359 2385 413 Tinc-

352 431 454 486 tio
499 431 728 486 rubea.
801 432 867 485 In
912 430 1060 486 libra
1095 430 1231 485 vitri
1264 430 1391 485 triti
1424 431 1717 500 psimithin
1754 447 1810 488 -·.-
1846 449 1889 484 11
1925 433 1985 486 et
2022 447 2225 499 coques
2264 430 2383 484 dies

355 519 472 558 sex.
537 501 815 557 Tinctio
854 501 1160 557 alithini.
1233 501 1466 570 Absque
1502 501 1633 573 igne
1670 501 1927 558 tinctum.
2001 518 2215 574 ungues
2257 502 2385 555 sub-

352 573 484 698 ῐῦἓε
521 573 695 628 vitria
740 575 798 628 et
843 589 1058 642 ungues
1097 573 1406 627 dracontea
1441 572 1943 644 anamemigmenis
1960 614 1974 642 ‚
2012 575 2071 628 et
2105 573 2205 628 flet
2241 572 2389 627 sicut
2415 589 2442 630 5

353 663 422 700 ru
464 661 547 699 ea.

498 718 574 786 (7)
611 714 1025 770 Crisocolon.
1090 715 1156 768 In
1205 715 1395 769 omnia
1430 715 1591 770 calcu
1636 731 1973 770 cecaumenu
2002 731 2058 771 -:-
2082 734 2120 784 1,
2160 714 2389 784 saponis

355 786 468 841 olei
513 786 722 841 solidos
768 805 859 855 111,
907 785 1186 841 calcitarii
1229 785 1471 840 solidum
1515 806 1551 842 1.
1625 786 1739 842 ista
1784 786 2125 842 commisces.
2206 785 2391 856 primo

355 860 502 913 teres
540 856 702 912 calcu
730 873 1070 912 cecaumenu
1104 856 1323 911 utiliter
1359 857 1435 911 ad
1458 858 1762 928 pulverem,
1802 860 1860 912 et
1886 857 2182 912 calcitarin
2210 873 2323 911 sem
2332 872 2391 911 o-

356 929 481 997 tim,
506 931 566 983 et
593 928 918 983 commisces
947 944 1075 982 cum
1101 944 1310 998 sapone
1335 930 1394 983 et
1410 932 1684 998 quantum
1711 945 1938 983 necesse
1965 928 2135 983 fuerit
2152 928 2388 1001 (aqua)
2419 946 2475 985 ιο

359 999 546 1070 ipsum
611 998 934 1054 crisocolon.
1030 999 1257 1054 Aliud.
1321 999 1725 1054 crisocolon.
1823 999 1994 1054 Calcu
2048 1015 2391 1054 cecaumenu

360 1070 562 1124 libram
597 1089 635 1139 1,
675 1069 899 1125 alumen
937 1070 1146 1125 solidos
1186 1071 1312 1127 duo.
1389 1069 1803 1127 Crisocolon.
1874 1071 2089 1125 Aurum
2125 1069 2391 1124 commix-

361 1144 483 1196 tum
529 1159 657 1196 cum
703 1143 937 1212 argento
981 1141 1128 1197 vivo
1204 1144 1261 1196 et
1305 1144 1438 1212 post
1480 1141 1622 1196 haec
1666 1140 1845 1196 intrat
1890 1146 1947 1195 in
1996 1140 2283 1208 caliclnm,
2334 1144 2394 1196 et

360 1213 525 1267 ardet
571 1212 760 1283 ipsum
805 1214 1101 1283 argentum
1135 1212 1345 1268 vivum.
1421 1215 1479 1267 et
1524 1214 1652 1282 post
1696 1211 1863 1268 tolles
1913 1230 2112 1267 aurum
2149 1214 2207 1266 et
2241 1215 2391 1266 teres

357 1283 420 1337 in
455 1281 720 1338 mortario
757 1283 1040 1339 munditer
1068 1284 1246 1338 donec
1269 1284 1370 1338 flet
1400 1282 1603 1354 pulvis,
1642 1286 1700 1338 et
1726 1283 2043 1338 commiscis
2069 1283 2233 1338 illum
2262 1300 2393 1338 cum
2422 1302 2478 1342 15

360 1371 568 1425 sapone
607 1371 675 1409 ex
712 1354 834 1410 oleo
871 1357 1147 1436 quantum
1184 1354 1423 1425 suscipit
1458 1353 1638 1410 coctio
1678 1354 1970 1410 crisocolli.

501 1427 576 1497 (8)
612 1426 902 1496 Argenti
948 1424 1203 1497 gluten.
1277 1424 1516 1495 Argenti
1560 1429 1752 1496 partes
1788 1445 1833 1478 11
1869 1429 1925 1481 et
1970 1441 2227 1480 aeramen
2263 1442 2393 1495 par-

358 1500 475 1552 tem
494 1517 532 1552 1.
580 1497 757 1552 Alia.
796 1496 1071 1579 argenti
1098 1496 1354 1567 gluten.
1404 1496 1719 1566 Argentum
1741 1497 1980 1550 mixtum
2004 1514 2132 1552 cum
2157 1500 2393 1568 argento

355 1568 504 1623 vivo.
582 1570 640 1622 et
671 1584 846 1637 pones
881 1586 943 1620 m
977 1567 1168 1638 ignem
1206 1568 1383 1622 donec
1420 1567 1747 1624 desiccetur.
1823 1571 1882 1623 et
1915 1570 2047 1638 post
2081 1568 2222 1622 haec
2256 1567 2393 1622 teris

359 1639 578 1694 utiliter
623 1639 799 1693 donec
843 1639 946 1692 fiat
990 1637 1176 1707 pulvis
1224 1641 1282 1693 et
1325 1641 1449 1692 tum
1493 1639 1683 1694 miscis
1730 1657 1857 1694 cum
1903 1656 2110 1709 sapone
2149 1641 2207 1694 et
2244 1655 2394 1708 aqua
2420 1657 2483 1697 so

363 1709 516 1780 quod
543 1709 769 1764 sufficit.
825 1709 1218 1764 Aeramenti
1256 1710 1512 1780 gluten.
1568 1711 1847 1765 Aeramen
1873 1709 2081 1764 libram
2106 1729 2143 1779 1,
2172 1709 2395 1780 plumbi

358 1780 535 1835 libras
581 1799 624 1833 11
670 1779 1008 1835 commisces.
1097 1781 1280 1835 solves
1325 1780 1569 1851 primum
1615 1797 1901 1850 aeramen,
1950 1780 2153 1835 deinde
2198 1780 2393 1836 mittes

357 1850 654 1921 plumbum
699 1853 757 1906 et
802 1851 1126 1906 commisces
1171 1851 1231 1906 in
1278 1869 1469 1906 unum.
1553 1852 1801 1923 Stagni
1845 1852 2103 1922 gluten.
2192 1852 2293 1907 Sta
2377 1851 2391 1862 ‘

359 1925 552 1993 partes
588 1941 631 1976 11
681 1926 741 1977 et
782 1922 1001 1993 plumbi
1045 1939 1232 1979 unam.
1305 1923 1550 1980 Petrae
1597 1924 1857 1996 gluten.
1930 1923 2226 1979 Marmoris
2273 1923 2395 1979 abi

507 2195 539 2243 2
580 2188 910 2244 cinnabarin
938 2192 1009 2257 L,
1047 2196 1124 2243 -rr
1151 2190 1205 2247 s.
1239 2190 1248 2261 ι
1281 2189 1401 2245 <fies
1438 2208 1495 2245 11.
1526 2190 1579 2246 s.
1610 2192 1629 2260 ιι
1656 2197 1688 2245 3
1720 2150 1861 2257 {stri
1888 2192 1956 2245 L.
1990 2190 1999 2262 ι
2029 2188 2264 2260 psimitu
2294 2190 2347 2245 s,
2377 2190 2399 2263 ιι

363 2303 400 2351 4
430 2273 607 2373 unguen
638 2297 725 2351 120.
755 2299 775 2367 ιι
802 2302 834 2351 5
862 2295 1045 2351 vitrea.
1063 2298 1204 2353 Ecce.
1234 2299 1253 2367 ιι
1282 2302 1313 2350 e
1342 2297 1515 2351 robea
1535 2296 1654 2352 LS.
1683 2299 1703 2367 ιι
1730 2314 1772 2352 c.
1796 2300 1831 2351 7
1850 2324 1917 2344 =
1938 2298 2078 2352 Exn.
2102 2296 2205 2352 εει.
2234 2296 2276 2363 f.
2302 2298 2397 2351 15⁶

367 2367 665 2438 (confectio
703 2367 1041 2436 crisocollae).
1071 2370 1090 2438 ΙΙ
1119 2376 1146 2422 7
1179 2368 1246 2421 In
1273 2384 1465 2423 omma
1493 2369 1639 2437 L(e)‚
1675 2368 1741 2421 In
1769 2374 1919 2426 offla
1947 2368 1992 2424 S
2035 2385 2135 2423 om.
2166 2368 2347 2437 Eme).
2384 2366 2393 2440 Ι

365 2456 576 2509 sapone
608 2438 740 2515 (-nis
759 2440 920 2508 Eoec.)
950 2437 1176 2509 olei(-ea
1195 2438 1263 2509 S)
1283 2438 1403 2493 LS.
1432 2442 1451 2509 ΙΙ
1479 2443 1511 2492 8
1542 2438 1905 2494 commiscens
1924 2439 1978 2493 L
2034 2484 2043 2494 .
2072 2440 2092 2507 11
2120 2443 2151 2491 9
2181 2437 2393 2495 calcuc.

362 2542 431 2552 -
455 2513 566 2580 (11)
588 2509 942 2565 crisocollum
960 2510 1004 2565 S
1026 2511 1271 2614 eQExca
1301 2527 1403 2565 o‘m.
1425 2510 1493 2565 L.
1527 2513 1536 2580 Ι
1568 2510 1785 2564 utiliter
1810 2510 2010 2582 pulver
2028 2510 2081 2566 S.
2116 2509 2125 2581 Ι
2157 2508 2401 2564 calcitar

361 2615 687 2672 insemotim
714 2617 759 2673 S
790 2614 1104 2687 (calcitarn'i
1142 2616 1399 2671 semotim
1429 2616 1607 2686 Ecca).
1645 2618 1664 2685 ΙΙ
1702 2622 1769 2670 10
1808 2615 2170 2671 commiscens
2208 2615 2265 2683 S,
2306 2632 2397 2671 -ce

365 2690 508 2745 Exc.
543 2689 551 2760 Ι
583 2704 734 2757 aqua
760 2689 930 2744 Exn:
967 2705 1066 2744 om.
1098 2688 1151 2743 S.
1190 2690 1208 2757 ΙΙ
1248 2693 1312 2740 11
1354 2685 1482 2757 ipsu
1519 2686 1793 2742 crisoclon
1821 2687 1877 2755 S,
1912 2687 1988 2741 ad
2024 2687 2209 2759 ipsum
2248 2686 2398 2741 criso

365 2759 573 2815 collum
608 2761 749 2815 Exc.
805 2762 824 2829 ΙΙ
880 2765 945 2813 12
983 2758 1138 2813 aluffi
1175 2761 1279 2813 sot.
1307 2777 1365 2813 11.
1397 2758 1453 2826 S,
1490 2758 1753 2813 aluminis
1793 2763 1883 2813 sor
1916 2777 1959 2810 11
1997 2760 2135 2814 Exc.
2194 2759 2202 2829 Ι
2251 2758 2398 2812 ltem

367 2831 511 2886 criso
549 2831 734 2888 collon
770 2831 910 2887 Exc.
951 2848 1087 2887 corr.
1137 2832 1146 2901 Ι
1184 2835 1250 2883 13
1288 2831 1527 2899 argentu
1562 2829 1699 2884 vibu
1736 2836 1864 2885 ante
1900 2846 2037 2885 corr.
2067 2830 2135 2884 L.
2174 2832 2195 2900 ΙΙ
2234 2834 2301 2882 14
2340 2830 2403 2883 et

278 2930 287 2941 ·
363 2905 495 2973 post
519 2903 661 2958 haec
688 2902 867 2956 intrat
892 2901 952 2956 in
981 2834 1183 2957 calicifi
1210 2901 1339 2956 LS:
1369 2900 1617 2955 mittitur
1642 2900 1702 2954 in
1731 2899 1917 2955 calido
1948 2901 2087 2956 Ere.
2116 2903 2138 2969 ΙΙ
2162 2917 2205 2956 c.
2226 2904 2264 2954 8
2290 2917 2395 2984 seg.

366 2993 442 3046 ib.
478 2992 544 3045 in
579 2991 719 3045 Eme.
757 2990 799 3057 f.
841 2992 951 3057 15¹³,
993 2992 1092 3045 ubi
1127 2988 1316 3059 Argiri
1364 2987 1639 3043 confectio
1686 3005 1808 3043 cum
1853 3004 2125 3057 suprascr.
2164 3006 2301 3044 corr.
2344 2989 2401 3042 It

368 3060 593 3133 argenti
645 3059 856 3130 gluten.
912 3063 932 3130 11
989 3066 1052 3114 17
1095 3059 1365 3114 heramen
1416 3060 1661 3130 (semper)
1699 3059 1780 3127 L,
1836 3065 1989 3131 erar-fi
2028 3059 2083 3115 S.
2137 3061 2155 3129 ΙΙ
2213 3064 2279 3113 18
2327 3064 2397 3114 οῦ

369 3135 666 3202 argentum
693 3130 887 3185 vibum
913 3132 982 3185 L.
1010 3132 1031 3201 ΙΙ
1060 3137 1125 3185 19
1164 3130 1405 3185 siccetur
1441 3131 1485 3186 S
1515 3138 1566 3186 et
1601 3136 1729 3185 ante
1766 3147 1901 3185 corr.
1934 3131 2073 3185 Eaec.
2107 3131 2116 3200 Ι
2147 3130 2285 3184 teris
2313 3131 2398 3185 L:

369 3204 540 3258 turris
570 3203 624 3259 S.
654 3205 672 3272 11
700 3208 765 3256 21
806 3201 957 3270 quod
985 3202 1112 3258 LS:
1152 3205 1428 3270 quantum
1456 3201 1599 3257 Exc.
1634 3203 1642 3270 Ι
1674 3200 2002 3255 Heramenti
2028 3218 2084 3270 g.
2112 3202 2184 3269 L,
2218 3200 2307 3275 1321.
2338 3219 2393 3271 g.

369 3274 429 3341 S,
463 3282 526 3329 ut
563 3291 699 3329 corr.
739 3273 880 3329 Exc.
919 3290 1093 3342 supra
1130 3271 1482 3327 Calcocollae
1518 3271 1810 3326 confectio.
1858 3274 1877 3341 ΙΙ
1922 3277 1989 3325 22
2028 3271 2396 3326 commiscens

369 3344 592 3400 solvens
631 3345 684 3398 L
736 3347 755 3415 ss
810 3350 877 3397 23
917 3343 1284 3398 commiscens
1321 3344 1389 3397 L.
1444 3344 1451 3412 Ι
1505 3342 1886 3412 Stagnicollae
1938 3342 2212 3397 confectio
2251 3343 2396 3399 Eoec.

371 3416 489 3484 (ubi
524 3433 695 3485 supra
731 3415 927 3487 gluten
964 3418 1138 3485 corr).
1175 3418 1194 3485 ΙΙ
1231 3403 1300 3469 ’24
1340 3413 1494 3469 Conf.
1532 3413 1859 3469 lithocollae
1893 3416 2033 3470 Eoec.
2073 3416 2190 3484 (ubi
2223 3430 2401 3484 supra

365 3504 506 3543 corr.
545 3486 746 3541 Petrae
781 3486 1015 3557 gluten).
