2664 3927
195 219 202 226 .
259 221 270 232 ,
327 185 412 248 76
1165 181 1497 237 vrmuvn

325 338 388 394 et
441 338 679 410 octava,
735 333 990 393 altitudo
1044 333 1133 392 ita
1185 333 1278 392 uti
1331 324 1703 412 attilcurges,
1755 332 1843 390 ita
1897 335 1959 390 et
2013 332 2138 390 eius
2187 330 2341 406 plin-
2363 343 2451 394 (20)

323 424 481 498 thus,
524 425 936 500 reliquumque
979 424 1216 498 praeter
1251 421 1569 498 plinthum,
1617 420 1777 496 quod
1823 420 1937 478 erit
1978 419 2158 478 tertia
2202 437 2343 496 pars

325 512 731 571 crassitudinis
777 512 1113 586 columnae,
1167 510 1472 570 dividatur
1514 510 1578 568 in
1622 513 1823 586 partes
1873 511 2116 585 septem.
2205 508 2343 568 inde

324 600 507 659 trium
551 601 814 677 partium
858 602 1022 659 torus
1069 599 1174 676 qui
1219 602 1310 658 est
1354 598 1417 656 in
1464 617 1710 674 summo,
1753 598 2019 675 reliquae
2058 600 2346 673 quattuor

323 693 524 766 partes
570 689 920 748 dividendae
975 691 1116 748 sunt
1170 687 1500 764 aequaliter
1546 690 1605 746 et
1660 706 1784 746 una
1824 683 1833 765 1
1872 705 2009 763 pars
2055 686 2165 745 fiat
2208 705 2344 745 cum
2362 706 2389 747 5
2410 695 2483 751 78

326 777 450 837 suis
496 777 815 855 astragalis
863 780 922 836 et
965 776 1280 852 supercilio
1325 776 1597 851 superior
1630 776 1934 851 trochilus,
1978 776 2169 834 altera
2204 793 2344 851 pars

322 866 594 926 inferiori
636 865 888 924 trochilo
932 865 1323 940 relinquatur,
1368 865 1471 924 sed
1514 865 1759 924 inferior
1801 865 1992 923 maior
2032 863 2347 940 apparebit

323 955 458 1014 ideo
525 955 684 1030 quod
745 953 990 1012 habebit
1051 954 1128 1012 ad
1195 956 1518 1012 extremam
1578 953 1879 1030 plinthum
1930 953 2343 1028 proiecturam.

327 1043 616 1121 astragali
659 1043 916 1103 faciendi
960 1046 1100 1102 sunt
1145 1046 1387 1102 octavae
1432 1042 1621 1119 partis
1666 1043 1919 1105 trochili.
1991 1033 2345 1124 proielctura
2364 1052 2425 1104 (⁶)

327 1133 441 1191 erit
485 1131 678 1208 spirae
722 1150 862 1208 pars
899 1135 1109 1191 octava
1147 1134 1208 1190 et
1251 1134 1419 1191 sexta
1464 1132 1711 1190 decuma
1755 1150 1893 1207 pars
1940 1129 2345 1190 crassitudinis
2374 1151 2429 1190 ιο

327 1221 650 1280 columnae.

461 1308 650 1386 Spiris
694 1309 972 1386 perfectis
1020 1313 1080 1369 et
1125 1308 1445 1368 conlocatis
1492 1308 1801 1368 columnae
1848 1311 2007 1367 sunt·
2034 1307 2347 1366 medianae

325 1398 391 1456 in
434 1417 658 1475 pronao
707 1402 767 1457 et
811 1399 1042 1474 postico
1088 1397 1166 1456 ad
1219 1397 1706 1474 perpendiculum
1750 1396 1933 1454 medii
1976 1396 2165 1455 centri
2209 1415 2345 1455 con-

324 1487 628 1562 locandae,
665 1489 981 1564 angulares
1019 1489 1218 1546 autem
1255 1505 1522 1561 quaeque
1552 1505 1584 1545 e
1610 1485 1851 1563 regione
1879 1503 2082 1544 earum
2108 1485 2347 1544 futurae

325 1579 466 1636 sunt
505 1571 514 1655 Ι
554 1576 618 1634 in
663 1576 950 1634 lateribus
997 1574 1158 1634 aedis
1205 1575 1413 1634 dextra
1460 1593 1527 1633 ac
1572 1574 1829 1649 sinistra,
1874 1574 1966 1632 uti
2010 1576 2209 1649 partes
2253 1573 2504 1636 in-1⁵(10)

323 1665 571 1724 teriores
610 1683 762 1739 quae
799 1663 872 1722 ad
909 1663 1165 1740 parietes
1203 1664 1385 1722 cellae
1432 1666 1701 1738 spectant
1746 1663 1823 1721 ad
1859 1661 2348 1739 perpendiculum

324 1753 484 1812 latus
546 1753 808 1811 habeant
871 1753 1268 1826 conlocatum,
1342 1751 1657 1812 exteriores
1721 1755 1922 1810 autem
1983 1754 2184 1827 partes
2254 1751 2349 1810 uti

325 1841 550 1900 dictum
597 1844 735 1900 ante
782 1841 854 1899 de
892 1860 1093 1900 earum
1130 1843 1526 1900 contractura.
1600 1841 1684 1900 sic
1720 1840 1878 1898 enim
1914 1843 2087 1899 erunt
2121 1838 2347 1916 figurae

326 1929 770 2007 compositionis
837 1929 1070 1989 aedium
1125 1932 1533 1989 contracturae
1584 1929 1746 1989 iusta
1798 1929 2028 1989 ratione
2089 1931 2347 1989 exactae.

461 2011 711 2100 {Scapis
776 2020 1181 2078 columnarum
1244 2020 1487 2079 statutis
1550 2020 1949 2095 capitulorum
2011 2018 2165 2078 ratio
2220 2012 2348 2096 <sic
2360 2031 2413 2071 20
2422 2028 2508 2080 (15)

327 2104 498 2186 erit.)
544 2108 596 2167 si
639 2108 952 2183 pulvinata
1007 2112 1206 2183 erunt,
1258 2108 1353 2167 his
1408 2108 1766 2183 symmetriis
1824 2106 2352 2167 conformabuntur

324 2196 417 2254 uti
453 2216 635 2272 quam
671 2216 900 2256 crassus
937 2196 1090 2256 imus
1129 2216 1341 2273 scapus
1385 2197 1568 2255 fuerit
1603 2196 1807 2256 addita
1854 2199 2066 2255 octava
2103 2196 2350 2255 decuma

323 2288 496 2362 parte
551 2286 713 2361 scapi
768 2286 985 2345 abacus
1047 2286 1269 2345 habeat
1328 2285 1764 2363 longitudinem
1828 2288 1887 2343 et
1948 2284 2350 2359 latitudinem,

325 2374 778 2433 crassitudinem
849 2394 984 2433 cum
1044 2375 1265 2434 volutis
1340 2376 1465 2433 eius
1530 2373 1852 2432 dimidiam.
1960 2372 2350 2433 recedendum

329 2464 528 2521 autem
573 2466 664 2522 est
708 2462 784 2522 ab
831 2466 1093 2522 extremo
1141 2462 1322 2523 abaco
1364 2456 1372 2543 Ι
1412 2464 1477 2522 in
1519 2462 1863 2522 interiorem
1907 2465 2141 2538 partem
2186 2462 2346 2520 firon-
2358 2474 2509 2525 asmo)

324 2550 484 2610 tibus
548 2551 889 2610 volutarum
950 2554 1120 2627 parte
1184 2552 1697 2611 duodevicensima
1770 2555 1831 2610 et
1895 2552 2019 2611 eius
2085 2550 2348 2609 dimidia.

472 2718 499 2765 1
540 2711 793 2794 adti(atti
823 2712 1124 2792 G⁶)gurges
1161 2728 1217 2767 ω.
1277 2712 1286 2781 Ι
1346 2711 1430 2765 ita
1466 2714 1547 2766 et.
1586 2712 1671 2765 ita
1704 2714 1770 2766 ut
1804 2729 1859 2767 x
1901 2712 1911 2779 Ι
1949 2710 2201 2781 plinthos
2236 2728 2293 2765 x.

327 2789 357 2835 2
379 2781 487 2837 erit
512 2782 709 2838 tertia.
739 2783 792 2835 ei
821 2781 895 2835 ad
922 2781 1094 2836 tertia
1113 2782 1241 2850 HS,
1268 2781 1378 2835 erit
1406 2782 1461 2837 ei
1486 2782 1665 2837 tercia
1686 2783 1752 2838 G.
1781 2784 1800 2852 ΙΙ
1827 2788 1861 2835 4
1887 2782 2082 2837 thorus
2109 2783 2236 2851 (hic)
2254 2708 2339 2839 αι’

328 2859 358 2906 7
395 2852 647 2907 inferiori
673 2854 823 2909 S⁶G.
862 2851 1094 2907 inferior
1120 2853 1188 2907 H
1192 2852 1246 2908 S
1290 2856 1308 2923 ΙΙ
1349 2858 1381 2907 8
1420 2855 1726 2907 extremam
1755 2854 1977 2908 1106'8:
2018 2852 2292 2907 —Hmum

322 2922 548 2995 plinthu
579 2925 656 2980 G:
685 2923 1007 2993 plinthuum
1035 2924 1104 2978 H
1124 2931 1177 2979 et
1204 2926 1247 2994 (-
1248 2923 1413 2994 thufi)
1439 2927 1503 2979 in
1529 2941 1639 2980 ras,
1670 2925 1745 2979 Sc.
1774 2927 1792 2991 ΙΙ
1822 2929 1889 2978 10
1918 2924 2153 2978 decuma
2180 2940 2349 2993 apars

326 2995 397 3050 H
407 3002 458 3050 et
485 3004 612 3050 ante
639 3012 774 3050 corr.
798 2994 842 3049 S
857 2995 991 3062 (scil.
1012 3012 1080 3050 ex
1096 3012 1228 3048 xv1a
1252 2998 1429 3118 ρᾳτείε
1460 2994 1680 3049 decima
1705 3012 1836 3063 pars
1856 2994 1921 3049 Sc
1932 2996 1997 3051 G.
2026 2999 2047 3065 ΙΙ
2075 3001 2142 3049 14
2161 2994 2316 3049 futur

325 3067 388 3122 S.
427 3081 517 3119 -ra
546 3066 687 3121 HG.
743 3068 762 3134 ΙΙ
818 3071 884 3119 16
923 3065 998 3118 ad
1041 3066 1385 3135 perpendicu
1408 3083 1505 3120 um
1541 3065 1760 3138 <medii
1804 3082 1979 3135 supra
2014 3068 2141 3121 add.
2172 3066 2235 3121 Sc
2238 3066 2293 3138 >.
2342 3067 2351 3140 1

328 3143 393 3190 17
425 3135 510 3189 uti
549 3136 742 3190 dicant
778 3151 837 3189 se
874 3151 1068 3189 earum
1104 3138 1518 3191 contracturam
1550 3140 1631 3206 (-a
1650 3137 1726 3217 S)
1754 3154 1809 3191 x.
1839 3139 1858 3207 ΙΙ
1888 3143 1953 3191 19
1992 3139 2351 3192 contractura

328 3207 451 3262 eius
496 3207 604 3261 tali
647 3206 867 3260 ratione
902 3224 943 3260 ω
979 3209 1136 3276 (corr.
1165 3208 1320 3277 Joc).
1376 3210 1395 3277 [1
1449 3213 1518 3262 20
1555 3206 1701 3261 ratio
1748 3207 1797 3262 si
1841 3208 2139 3276 pulvinata
2186 3212 2350 3263 erunt

329 3278 402 3345 (si
441 3296 501 3333 er
534 3277 828 3347 pulvinata
856 3276 922 3347 S)
961 3276 1016 3331 h.
1057 3295 1098 3331 s.
1139 3278 1637 3333 conformabuntur
1670 3296 1711 3333 x
1747 3280 1838 3348 (cf.
1860 3297 1919 3348 p.
1951 3283 2079 3347 123,
2099 3284 2150 3334 6.
2180 3282 2274 3348 80,
2292 3283 2343 3333 9.

326 3396 455 3457 130,
472 3396 581 3462 29).
612 3395 630 3462 ss
659 3398 724 3445 21
753 3391 858 3461 hys
887 3392 956 3446 H
977 3391 1086 3461 (his
1119 3392 1266 3462 GS).
1294 3396 1313 3463 ΙΙ
1343 3398 1409 3445 22
1444 3351 1694 3447 eraffimo
1718 3392 1796 3450 H.
1830 3395 1839 3464 Ι
1871 3396 2074 3448 octava
2112 3393 2347 3449 decuma

329 3460 464 3583 ἒέξε
460 3479 669 3585 &guizi
676 3462 1032 3603 gecigaglga
1047 3465 1176 3589 11826
1214 3466 1376 3532 parte
1408 3464 1483 3519 G.
1526 3466 1664 3563 -tem
1691 3465 1754 3518 H
1792 3467 1892 3534 (-te
1922 3465 2005 3533 S).
2039 3465 2047 3534 Ι
2082 3464 2347 3518 duodevi-
