2664 3927
372 169 502 234 256
1069 197 1074 202 ·
1214 167 1543 223 VITRUVH

508 311 518 401 Ι
551 317 716 389 Quae
761 320 832 379 de
877 318 1130 378 materia
1171 318 1323 376 fiunt
1370 337 1594 396 organa
1632 318 1710 378 ad
1744 319 2130 378 hauriendam
2167 338 2391 395 aquam
2412 330 2502 381 (15)

373 410 586 485 quibus
629 408 960 468 rationibus
1003 407 1386 484 perficiantur
1432 408 1760 483 quibusque
1796 407 1969 468 rebus
2006 410 2205 467 motus
2242 410 2411 466 reci-.

371 499 600 574 pientia
634 499 940 573 praestent
974 495 1408 555 versationibus
1444 496 1708 556 infinitas
1744 497 2057 572 utilitateS‚
2093 500 2165 555 ut
2187 501 2392 556 essent

242 595 346 649 VH
371 587 606 645 notiora
645 605 826 662 quam
863 586 1233 661 apertissime
1267 586 1439 660 potui
1474 586 1805 661 perscripsi.
1863 585 2195 661 insequitur
2230 605 2391 644 nunc

304 1841 336 1886 3

372 675 444 734 de
493 674 786 734 Ctesibica
829 673 1128 747 machina,
1179 691 1334 749 quae
1378 674 1441 730 in
1488 674 1865 733 altitudinem
1910 693 2130 750 aquam
2174 666 2547 756 edu10it5(2o)-

372 766 719 823 monstrare.
793 781 864 821 ea
907 762 977 820 fit
1017 782 1088 821 ex
1122 781 1276 835 aere,
1321 763 1487 822 cuius
1523 763 1587 820 in
1623 762 1919 822 radicibus
1956 762 2202 821 modioli
2236 762 2393 820 fiunt

373 851 612 928 gemelli
657 851 906 927 paulum
949 851 1258 925 distantes,
1301 850 1586 910 habentes
1622 851 1853 911 fistulas
1889 852 2161 910 furcillae
2197 851 2390 929 figura

373 939 648 998 similiter
691 940 1086 1015 cohaerenteS,
1128 939 1192 999 in
1228 940 1489 998 medium
1524 940 1787 999 catinum
1824 942 2252 1000 concurrentes.
2325 941 2391 998 in

376 1047 491 1104 quo
549 1029 747 1088 catino
800 1028 954 1087 fiunt
998 1047 1156 1088 asses
1203 1028 1266 1086 in
1312 1029 1712 1104 superioribus
1758 1029 2002 1104 naribus
2048 1029 2391 1088 fistularum

375 1117 886 1194 coagmentatione
925 1117 1129 1176 subtili
1165 1118 1475 1190 conlocati,
1498 1105 1618 1193 ’qui
1657 1112 1665 1195 Ι
1705 1118 2193 1193 praeobturantes
2230 1119 2389 1177 fora·
2401 1130 2551 1181 10(25)

375 1206 537 1264 mina
590 1207 829 1265 narium
881 1225 999 1265 non
1043 1206 1357 1282 patiuntur
1401 1203 1674 1283 (redire)
1722 1206 1879 1282 quod
1925 1205 2141 1282 spiritu
2185 1207 2248 1264 in
2294 1225 2389 1265 ca-

375 1294 572 1352 tinum
615 1299 706 1354 est
751 1313 1103 1371 expressum.
1177 1313 1357 1370 supra
1403 1294 1668 1354 catinum
1710 1295 1969 1370 paenula
2013 1298 2086 1353 ut
2128 1295 2389 1354 infundi-

374 1382 580 1441 bulum
641 1385 940 1444 inversum
1004 1387 1094 1442 est
1156 1386 1551 1458 attemperata
1615 1387 1675 1442 et
1735 1402 1844 1460 per
1902 1383 2150 1442 fibulam
2198 1379 2207 1463 Ι
2256 1403 2391 1444 cum
2414 1395 2529 1450 260

376 1471 572 1531 catino
630 1491 816 1532 cuneo
861 1472 1110 1530 traiecto
1157 1471 1517 1545 continetur,
1571 1492 1645 1531 ne
1688 1473 1781 1530 vis
1826 1472 2149 1533 inflationis
2197 1492 2389 1549 aquae

375 1579 508 1619 eam
572 1563 748 1638 cogat
811 1561 1046 1620 elevari.
1136 1560 1380 1635 insuper
1437 1559 1665 1636 fistula,
1728 1580 1881 1637 quae
1943 1561 2089 1620 tuba
2153 1562 2391 1637 dicitur,
2420 1584 2470 1624 15

375 1652 788 1726 coagmentata
822 1650 888 1708 in
924 1648 1238 1708 altitudine
1275 1648 1345 1706 fit
1382 1651 1592 1708 erecta.
1655 1649 1899 1708 modioli
1936 1654 2135 1710 autem
2169 1650 2392 1709 habent

371 1737 529 1795 infra
583 1757 755 1797 nares
807 1737 1116 1796 inferiores
1169 1737 1503 1796 fistularum
1556 1756 1715 1798 asses
1769 1739 2153 1815 interpositos
2207 1756 2391 1815 supra

374 1827 668 1884 foramina
717 1821 726 1903 Ι
776 1846 978 1887 eorum
1033 1844 1188 1903 quae
1243 1830 1384 1884 sunt
1434 1826 1499 1885 in
1550 1826 1765 1885 fundis,
1856 1827 1943 1886 ita
1998 1828 2069 1886 de
2116 1829 2389 1904 supernis
2410 1841 2469 1893 (⁵)

373 1915 438 1973 in
495 1915 770 1976 modiolis
829 1915 1046 1975 emboli
1103 1915 1352 1975 masculi
1409 1918 1583 1977 torno
1636 1916 1811 1992 politi
1866 1919 1930 1976 et
1982 1918 2112 1977 oleo
2158 1917 2389 1977 subacti

335 2033 340 2038 ·
375 2004 752 2079 conclusique
797 2004 1017 2082 regulis
1063 2008 1124 2063 et
1166 2003 1432 2064 vectibus
1478 2006 1936 2064 commoliuntur
1979 2008 2082 2082 qui
2128 2006 2241 2066 erit
2287 2026 2390 2066 aer
2417 2030 2468 2068 20

305 2550 340 2597 4

373 2092 457 2150 ibi
513 2110 647 2150 cum
701 2112 875 2168 aqua,
930 2096 991 2151 et
1044 2092 1272 2152 assibus
1318 2092 1728 2153 obturantibus
1773 2095 2067 2153 foramina
2111 2098 2389 2173 cogentes

375 2180 627 2239 trudunt
671 2181 930 2240 inflando
975 2181 1375 2256 pressionibus
1421 2202 1528 2258 per
1571 2182 1905 2241 fistularum
1949 2202 2121 2243 nares
2166 2202 2388 2260 aquam

373 2269 439 2327 in
485 2268 764 2345 catinum,
810 2288 841 2327 e
889 2288 1005 2345 quo
1049 2261 1357 2351 resscipiens
1392 2271 1649 2347 paenula
1686 2272 1929 2348 spiritus
1966 2272 2243 2348 exprimit
2280 2293 2389 2349 per
2408 2286 2493 2337 (1⁰)

373 2357 638 2417 fistulam
691 2359 754 2415 in
808 2357 1212 2433 altitudinem,
1268 2361 1330 2417 et
1382 2360 1471 2418 ita
1524 2379 1595 2418 ex
1640 2360 1918 2421 inferiore
1962 2362 2093 2421 loco
2142 2362 2385 2421 castello

376 2447 680 2506 conlocato
725 2446 803 2505 ad
847 2446 1177 2506 saliendum
1223 2466 1380 2523 aqua
1425 2448 1925 2508 subministratur.
2414 2472 2467 2512 25

506 2535 632 2595 Nec
690 2538 891 2594 tamen
946 2536 1093 2595 haec
1151 2537 1277 2596 sola
1330 2537 1485 2596 ratio
1535 2535 1777 2597 Ctesibii
1830 2539 2018 2597 fertur
2073 2538 2388 2614 exquisita,

375 2624 477 2683 sed
532 2626 713 2683 etiam
764 2626 964 2699 plures
1009 2628 1071 2685 et
1113 2624 1294 2685 variis
1341 2624 1649 2702 generibus
1696 2627 1771 2685 ab
1818 2646 1885 2686 eo
1931 2627 2177 2703 liquoris
2224 2646 2385 2703 pres-

517 2763 549 2810 3
589 2756 910 2812 adinfinitas
946 2776 1000 2813 x.
1057 2761 1075 2827 ΙΙ
1127 2764 1163 2811 4
1197 2758 1512 2829 perscripta
1549 2763 1680 2814 sunt
1713 2759 1875 2815 inillo
1912 2762 2178 2830 tempore.
2232 2760 2387 2815 Inse-

374 2828 566 2949 ἓξὲξ-ἐπ
598 2847 640 2883 x
675 2831 764 2898 (cf.
793 2848 841 2885 v.
871 2832 978 2899 13).
1007 2832 1026 2899 ΙΙ
1054 2834 1086 2882 5
1124 2829 1284 2885 decte
1321 2829 1588 2950 sibliglatea.
1618 2849 1660 2886 c.
1696 2832 1748 2887 G
1773 2834 1857 2902 (ut
1882 2849 1934 2886 a.
1962 2849 2007 2886 c.
2035 2833 2107 2900 L,
2141 2834 2205 2887 in
2231 2832 2287 2886 P
2307 2835 2389 2887 sic

375 2953 536 3007 decte
581 2952 692 3007 sibi
737 2952 1067 3007 camachina
1110 2954 1256 3008 umde
1300 2972 1334 3009 v
1380 2955 1539 3009 decte
1586 2952 1695 3007 sibi
1733 2956 1817 3023 c.).
1872 2956 1891 3024 ΙΙ
1946 2960 1978 3007 6
2014 2956 2103 3010 fit:
2153 2955 2228 3009 sit
2271 2974 2326 3011 x.
2365 2958 2383 3027 Η

377 3028 407 3076 ’1
436 3022 751 3092 gememelli
778 3041 818 3077 ω
853 3023 1099 3093 (gemelli
1131 3024 1204 3081 ΘΟ
1232 3050 1297 3069 =
1327 3025 1479 3095 LP).
1530 3027 1539 3095 Ι
1588 3024 1640 3078 h.
1670 3024 1708 3079 f.
1745 3024 2001 3079 furcillae
2039 3029 2171 3080 sunt
2204 3027 2387 3096 figura

372 3111 428 3149 ω.
470 3097 489 3163 u
529 3099 560 3146 9
597 3094 740 3147 fiant
775 3113 828 3147 τε.
865 3097 885 3164 ΙΙ
927 3100 994 3147 10
1028 3098 1224 3165 praeff)
1255 3096 1671 3163 G)obdurantes
1707 3112 1763 3150 x.
1806 3098 1814 3163 Ι
1858 3095 2222 3151 foraminarifi
2260 3098 2338 3152 H.
2367 3099 2389 3170 Η

376 3169 441 3217 11
479 3181 594 3218 non
674 3164 926 3219 atiuntur
960 3165 1112 3234 quod
1157 3166 1386 3236 spiritus
1424 3167 1522 3237 (qd
1556 3171 1652 3236 §ps
1684 3167 1755 3237 G)
1790 3184 1845 3220 ω.
1892 3169 1912 3237 ΙΙ
1958 3171 2024 3220 12
2059 3168 2388 3223 infudibulsi

371 3252 427 3290 ω.
457 3236 476 3304 ΙΙ
505 3240 571 3288 15
609 3252 638 3289 e
663 3251 827 3289 evare
861 3254 917 3291 ω.
953 3238 973 3306 ΙΙ
1010 3242 1076 3290 16
1115 3237 1415 3291 altitudine
1456 3239 1522 3293 G.
1559 3241 1577 3309 ΙΙ
1613 3245 1681 3292 20
1720 3237 2108 3292 conmoluntur
2143 3239 2241 3307 qui
2278 3239 2390 3294 erit

375 3321 484 3359 aer.
542 3305 625 3359 ibi
661 3323 788 3360 cum
824 3322 972 3375 aqua
1009 3307 1226 3362 assibus
1275 3309 1681 3364 obdurantibus
1703 3326 1773 3363 ἀ).
1827 3311 1846 3378 ΙΙ
1900 3314 1963 3362 21
2005 3312 2209 3379 cogent
2244 3314 2279 3379 (.
2314 3312 2386 3381 G)

375 3375 672 3431 extrudent
711 3395 766 3431 x.
831 3380 852 3448 ΙΙ
913 3384 982 3432 24
1026 3378 1288 3434 interiore
1331 3397 1389 3435 ω.
1452 3381 1472 3450 ΙΙ
1534 3386 1601 3435 25
1658 3379 2131 3435 sumministratur
2184 3383 2312 3451 (hic)
2348 3400 2389 3437 ω

376 3446 464 3511 (=
495 3447 562 3498 H
565 3449 922 3518 LPvlehG).
960 3452 980 3519 ΙΙ
1015 3456 1082 3503 26
1120 3449 1166 3503 ὣ
1199 3450 1385 3505 hesibi
1413 3450 1483 3505 H
1510 3454 1589 3520 (et
1624 3451 1809 3507 hesibi
1836 3452 1904 3520 L,
1941 3450 2171 3507 &hesibi
2200 3452 2292 3522 P),
2330 3456 2390 3507 et

376 3512 446 3582 he
487 3516 595 3569 sibi
626 3518 678 3571 G
713 3520 843 3587 (uno
877 3522 1034 3575 verbo
1069 3520 1248 3594 hesibl
1278 3523 1388 3593 6³⁶).
1440 3526 1459 3592 ΙΙ
1512 3528 1579 3577 27
1615 3522 1830 3593 liquore
1866 3541 1921 3579 x.
