2664 3927
13 389 38 436 Κ

781 158 879 212 DE
915 157 1475 214 ARCHITECTURA
1511 159 1643 213 LIB.
1682 159 1773 228 IX,
1816 167 1846 214 8
2196 161 2325 225 235

195 320 282 372 (20)
302 312 609 385 patentem
658 309 978 370 offensione
1025 312 1221 368 tactus
1267 309 1495 368 sonitus
1542 301 1927 392 exlpresserat
1972 311 2323 370 claritatem.

305 417 447 476 ergo
494 397 789 458 Ctesibius
846 417 979 456 cum
1034 398 1552 458 animadvertisset
1596 418 1666 457 ex
1711 401 1879 458 tactu
1926 400 2075 458 caeli
2122 403 2181 459 et
2228 421 2321 460 ex-
2360 417 2393 466 4

301 487 700 562 pressionibus
756 486 999 562 spiritus
1053 480 1368 564 (sonitus)
1422 507 1711 564 vocesque
1764 489 1957 562 nasci,
2018 489 2111 546 his
2164 489 2324 563 prin-

303 575 472 652 cipiis
527 595 669 635 usus
729 574 1110 652 hydraulicas
1164 576 1468 635 machinas
1523 577 1752 653 primus
1806 577 2086 637 instituit.
2178 577 2325 635 item

246 683 273 724 5
303 685 594 741 aquarum
630 663 1029 740 expressiones
1068 666 1739 742 automatopoeetasque
1776 667 2079 725 machinas
2107 665 2322 725 multa-

301 773 414 829 que
463 753 809 812 deliciarum
845 771 1081 830 genera,
1126 754 1190 811 in
1225 753 1318 811 his
1358 754 1539 812 etiam
1574 755 2019 832 horologiorum
2055 775 2126 813 ex
2163 775 2323 830 aqua

191 851 282 902 (25)
346 842 820 917 comparationes·
863 841 1163 917 explicuit.
1237 842 1617 919 primumque
1660 844 1972 904 constituit
2007 863 2217 903 cavum
2254 865 2322 902 ex

164 938 282 995 238
349 950 496 990 auro
551 931 880 1006 perfectum
935 932 1039 988 aut
1093 949 1162 988 ex
1209 950 1443 1006 gemma
1488 933 1803 991 terebrata.
1896 953 1966 992 ea
2014 933 2172 992 enim
2216 951 2325 992 nec

297 1021 576 1078 teruntur
626 1038 908 1094 percursu
955 1038 1146 1094 aquae
1192 1038 1298 1078 nec
1346 1021 1545 1078 sordes
1592 1021 1887 1097 recipiunt
1932 1025 2000 1080 ut
2046 1022 2321 1082 obturen-

217 1129 270 1168 10
297 1112 412 1166 tur.
486 1126 741 1183 namque
789 1108 1120 1182 aequaliter
1164 1127 1272 1183 per
1313 1107 1379 1165 id
1425 1127 1641 1168 cavum
1684 1109 1935 1170 influens
1982 1130 2141 1186 aqua
2188 1111 2321 1170 sub·
2360 1128 2390 1174 5

295 1197 460 1255 levat
507 1197 817 1272 scaphium
860 1197 1180 1272 inversum,
1229 1197 1387 1272 quod
1434 1197 1508 1254 ab
1556 1197 1882 1257 artificibus
1929 1199 2159 1274 phellos
2197 1200 2321 1258 sive

215 1295 278 1345 (5)
294 1289 649 1361 tympanum
688 1280 696 1364 Ι
739 1285 972 1344 dicitur.
1043 1285 1108 1343 in
1154 1304 1270 1360 quo
1319 1287 1627 1346 conlocata
1674 1289 1765 1346 est
1808 1288 2017 1364 regula
2053 1288 2322 1346 versatili

295 1376 580 1450 tympano
619 1374 932 1433 denticulis
973 1374 1320 1450 aequalibus
1356 1375 1637 1450 perfecta.
1706 1375 1809 1451 qui
1847 1376 2131 1435 denticuli
2168 1376 2319 1435 alius

297 1462 483 1521 alium
527 1464 879 1538 inpellentes
925 1462 1289 1522 versationes
1337 1464 1597 1522 modicas
1643 1465 1873 1523 faciunt
1916 1468 1975 1523 et
2011 1465 2319 1524 motiones

216 1571 268 1612 15
296 1552 442 1610 item
501 1553 654 1610 aliae
707 1553 952 1630 regulae
1008 1553 1243 1628 aliaque
1298 1554 1589 1628 tympana
1644 1554 1718 1611 ad
1776 1554 2027 1612 eundem
2080 1554 2321 1611 modum

297 1640 540 1700 dentata
596 1660 716 1699 una
761 1635 1023 1701 motione
1069 1644 1276 1700 coacta
1321 1642 1611 1700 versando
1656 1642 1887 1701 faciunt
1932 1636 2171 1700 effectus
2218 1661 2321 1700 va-

184 1740 274 1791 (10)
293 1730 654 1805 rietatesque
699 1720 1066 1811 moltionum‚
1111 1731 1176 1788 in
1223 1730 1434 1805 quibus
1472 1733 1785 1789 moventur
1820 1730 2037 1807 sigilla,
2082 1733 2319 1789 vertun-

295 1820 395 1876 tur
454 1820 665 1891 metae,
725 1819 938 1876 calculi
999 1820 1106 1876 aut
1165 1837 1278 1877 ova
1331 1818 1719 1893 proiciuntur,
1778 1819 2026 1878 bucinae
2082 1821 2319 1893 canunt,

295 1905 643 1983 reliquaque
707 1924 976 1984 parerga.
1067 1907 1131 1965 in
1192 1907 1285 1966 his
1353 1907 1535 1966 etiam
1598 1910 1703 1967 aut
1766 1908 1829 1965 in
1884 1908 2156 1967 columna
2212 1911 2319 1967 aut
2358 1925 2387 1971 6

214 2016 268 2054 20
297 1995 662 2070 parastatica
706 1996 888 2053 horae
936 1995 1365 2070 describuntur,
1413 2015 1558 2072 quas
1598 1997 1863 2075 sigillum
1899 1998 2213 2074 egrediens.
2242 1998 2316 2055 ab

295 2084 416 2143 imo
462 2084 698 2161 virgula
745 2084 1043 2161 significat
1087 2084 1152 2142 in
1197 2085 1356 2143 diem
1399 2088 1609 2144 totum
1700 2105 1951 2161 quarum
1994 2086 2316 2145 brevitates

185 2182 275 2235 (15)
297 2174 403 2230 aut
461 2172 810 2231 crescentias
867 2192 1186 2233 cuneorum
1233 2174 1496 2233 adiectus
1540 2168 1547 2252 Ι
1590 2177 1694 2233 aut
1739 2178 2042 2250 exemptus
2089 2176 2154 2233 in
2198 2176 2315 2234 sin-

292 2260 449 2339 gulis
515 2260 720 2321 diebus
785 2264 845 2320 et
906 2262 1204 2321 mensibus
1269 2263 1547 2338 perficere
1611 2263 1787 2339 cogit.
1878 2264 2314 2338 praeclusiones

293 2369 586 2425 aquarum
653 2350 727 2409 ad
789 2351 1240 2427 temperandum
1301 2351 1391 2409 ita
1456 2355 1595 2410 sunt
1658 2354 2033 2411 constitutae.
2122 2355 2315 2411 metae

211 2459 262 2499 25
290 2438 444 2499 fiunt
498 2440 675 2514 duae,
729 2459 850 2497 una
905 2440 1094 2499 solida
1150 2459 1268 2498 una
1315 2459 1489 2515 cava,
1550 2460 1619 2498 ex
1664 2443 1837 2499 torno
1884 2442 1972 2500 ita
2018 2442 2315 2517 perfectae

289 2530 359 2586 ut
413 2528 536 2586 alia
585 2528 651 2586 in
695 2528 880 2587 aliam
923 2528 1074 2587 inire
1121 2529 1550 2604 convenireque
1596 2531 1813 2605 possit,
1871 2532 1931 2589 et
1978 2530 2181 2588 eadem
2225 2549 2314 2588 re-

289 2617 432 2693 gula
478 2616 702 2675 laxatio
751 2636 954 2676 earum
999 2620 1106 2675 aut
1151 2616 1443 2677 coartatio
1492 2618 1712 2676 efficiat
1758 2620 1864 2676 aut
1908 2618 2315 2677 vehementem

181 2696 302 2786 (20).
335 2707 442 2763 aut
486 2706 681 2763 lenem
726 2706 788 2763 in
838 2725 908 2765 ea
952 2725 1098 2765 vasa
1145 2724 1334 2782 aquae
1378 2706 1724 2765 influentem
1769 2726 2021 2765 cursum.
2095 2708 2183 2766 ita
2218 2708 2311 2766 his

434 2954 461 3001 1
503 2946 807 3001 offensione
843 2946 1002 2999 tactu
1037 2963 1092 2999 x.
1137 2947 1156 3013 ΙΙ
1203 2950 1234 2997 2
1275 2944 1517 2999 clesbius
1546 2946 1615 2999 H
1619 2946 1673 3013 S,
1710 2946 1855 3001 -bies
1889 2948 1955 3003 G.
2002 2947 2010 3019 Ι
2057 2949 2314 3002 extractu

287 3036 342 3073 x.
381 3021 400 3088 ΙΙ
438 3024 468 3071 3
500 3017 731 3089 spiritus
759 3032 1034 3085 vocesque
1071 3014 1230 3069 nasci
1257 3032 1313 3069 x.
1352 3018 1370 3085 ΙΙ
1406 3022 1441 3069 4
1467 3015 1717 3070 instituit
1744 3018 1812 3071 H
1816 3018 2009 3088 S(G⁰):
2047 3018 2313 3073 instruxit

294 3089 346 3144 G
383 3090 496 3159 (sed
538 3106 714 3159 supra
748 3096 774 3141 '1'
811 3090 873 3140 at
921 3086 1173 3140 instituit
1209 3087 1318 3157 G0).
1374 3088 1393 3156 11
1447 3092 1479 3140 5
1518 3089 1807 3142 automato
1853 3088 2147 3158 pictasque
2183 3090 2314 3157 HS,

290 3176 340 3215 a.
378 3160 642 3229 pitasque
675 3161 741 3216 G.
787 3160 806 3229 ΙΙ
853 3164 885 3211 8
921 3159 1069 3211 terre
1103 3157 1272 3211 brata
1302 3158 1371 3213 G.
1418 3160 1436 3226 ΙΙ
1478 3164 1509 3211 9
1546 3160 1797 3213 terentur
1832 3162 1979 3229 (ante
2014 3162 2175 3229 corr.)
2203 3160 2256 3215 S.
2299 3160 2309 3232 Ι

286 3246 554 3300 percussu
580 3248 635 3286 x.
671 3232 678 3302 Ι
711 3247 857 3302 aque
887 3228 1078 3283 sordes
1105 3245 1208 3282 nec
1234 3244 1343 3283 rec.
1373 3229 1472 3297 (sic
1498 3236 1627 3284 ante
1652 3233 1813 3300 corr.)
1841 3232 1906 3287 G.
1942 3234 1949 3300 Ι
1984 3232 2313 3299 opturcntur

289 3300 424 3356 HS:
471 3301 818 3356 obdurentur
859 3301 923 3355 G.
958 3302 998 3369 >u
1055 3305 1118 3353 11
1159 3298 1431 3368 scaphum
1467 3300 1550 3374 (-“1“1
1582 3300 1712 3371 GS)
1748 3318 1803 3355 x.
1860 3304 1879 3371 ΙΙ
1936 3307 1999 3354 12
2039 3306 2069 3353 ὃ
2116 3300 2313 3369 regula

287 3372 554 3426 versatile
598 3374 872 3442 tympano
920 3371 973 3425 d.
1021 3387 1105 3425 ae.
1155 3371 1284 3423 sunt
1330 3369 1584 3439 perfecta
1618 3388 1673 3425 x.
1729 3374 1748 3441 ΙΙ
1805 3378 1871 3426 18
1908 3371 2145 3425 bucinae
2184 3373 2309 3445 (-e):

287 3444 368 3497 sic
402 3460 457 3497 ω.
486 3445 505 3512 ΙΙ
532 3448 602 3497 20
638 3459 782 3512 quae
820 3443 950 3514 (que
985 3441 1114 3511 GS)
1153 3440 1404 3511 sigillum
1439 3459 1494 3495 x.
1524 3443 1541 3509 ΙΙ
1570 3448 1635 3495 21
1676 3459 1911 3511 quorum
1948 3461 2001 3497 x.
2031 3445 2051 3512 ΙΙ
2078 3448 2145 3495 28
2184 3442 2309 3497 leue

291 3513 360 3569 G.
411 3514 420 3585 Ι
469 3530 606 3567 vasa
645 3530 789 3587 aque
825 3514 888 3568 S:
926 3528 1212 3582 vasaquae
1243 3512 1320 3580 H,
1358 3529 1459 3567 vas
1498 3529 1643 3587 aque
1675 3515 1742 3570 G.
