2664 3927
339 193 468 258 296
986 193 1061 247 Μ.
1101 191 1263 247 CETI
1300 189 1701 245 FAVENTIM

95 339 244 379 XVH·
273 339 342 380 ¹³⁶
525 342 805 403 Gamerae
834 343 1132 402 structiles
1159 341 1435 401 fortiores
1468 343 1659 400 erunt.
1722 339 2007 417 figulinae
2044 343 2247 398 autem
2284 339 2365 398 ad

51 414 58 420 ’
83 393 363 486 ὴέιῗιωοεῗῖἰιιῖη.
396 425 404 515 Ι
427 432 932 510 contignationem
959 431 1399 507 suspendantur
1414 431 1503 488 ita
1530 433 1600 488 ut
1626 429 1851 488 catenis
1880 427 2176 488 ancoratis
2203 427 2363 488 fixae
2382 437 2487 491 (25)

71 516 208 620 (ξξξῖ
226 516 365 621 15νῶξὶ
392 521 633 599 tegulae
669 522 838 582 velut
881 521 1130 597 palliola
1167 538 1319 596 quae
1358 537 1651 578 cameram
1686 517 1973 577 circinent
2008 517 2364 576 sustineant.

253 599 264 622 ’
399 603 638 692 {eadem
681 612 911 669 ratione
959 613 1020 668 et
1061 610 1272 685 planas
1320 626 1583 667 cameras
1627 607 1825 666 facies,
1897 606 2108 666 utilius
2156 609 2363 666 autem
2380 614 2503 672 3⁰1

338 700 700 776 disponetur,
736 699 787 758 si
822 697 1068 775 regulae
1092 699 1187 757 vel
1225 715 1396 756 arcus
1431 697 1608 755 ferrei
1642 695 1808 772 fiant,
1844 698 1914 754 ut
1946 695 2116 755 uncis
2150 695 2362 754 ferreis
2390 715 2421 756 ⁵

339 788 415 847 ad
451 787 956 864 contignationem
992 786 1432 862 suspendantur
1465 786 1557 844 ita
1582 789 1651 844 ut
1677 784 2020 862 tegularum
2045 784 2361 844 iuncturae

339 895 516 952 super
541 877 780 952 regulas
807 876 904 935 vel
943 894 1110 935 arcus
1146 875 1511 934 recumbant.
1584 875 1912 950 superiores
1951 892 2090 950 ergo
2126 873 2360 932 iunctu-

339 984 439 1023 rae
481 960 488 1043 Ι
530 983 599 1023 ex
655 963 872 1040 capillo
929 965 1143 1042 argilla
1189 963 1437 1023 subacta
1488 963 1773 1021 linantur.
1861 961 2111 1021 inferior
2156 965 2360 1021 autem
2378 972 2445 1024 (⁵)

336 1071 476 1129 pars
522 1053 828 1112 iuncturae
875 1072 1026 1128 quae
1075 1053 1149 1111 ad
1193 1052 1601 1128 pavimentum
1638 1051 1931 1128 spectabit
1966 1051 2159 1126 primo
2198 1050 2358 1110 calce

339 1161 475 1200 cum
509 1144 667 1201 testa
701 1144 1035 1218 temperata
1069 1141 1425 1217 trullizetur,
1452 1141 1672 1200 deinde
1700 1140 1927 1199 albario
1956 1141 2080 1199 sive
2106 1141 2359 1198 tectorio
2386 1159 2447 1198 ιο

340 1249 514 1306 opere
551 1230 884 1291 inducatur.
974 1231 1164 1290 maior
1207 1233 1412 1289 tamen
1466 1233 1527 1289 et
1571 1228 1915 1307 diligentiae
1962 1232 2023 1288 et
2074 1221 2360 1287 utilitatis

339 1321 494 1378 ratio
530 1319 780 1396 videtur,
819 1321 870 1379 si
906 1319 1171 1395 duplices
1211 1319 1562 1378 balnearum
1598 1336 1863 1376 camerae
1906 1317 2074 1392 fiant,
2115 1315 2363 1376 inferior

341 1400 742 1490 caemenlticia
780 1411 840 1466 et
876 1408 1145 1483 superior
1171 1425 1470 1483 suspensa.
1542 1407 1701 1466 inter
1727 1406 1877 1467 duas
1905 1407 2064 1466 enim
2096 1425 2360 1465 cameras
2380 1415 2473 1468 (1⁰)

340 1516 513 1556 umor
538 1499 804 1556 retentus
831 1515 1158 1572 numquam
1184 1495 1426 1556 vitiabit
1453 1496 1943 1572 contignationes,
2017 1495 2360 1554 sudationes

341 1585 522 1645 etiam
565 1586 1032 1661 praestabuntur
1075 1585 1366 1644 meliores.
2389 1603 2447 1644 15

74 1667 370 1768 {Zfflgiossff
531 1673 1038 1734 Considerandum
1083 1674 1196 1732 erit
1237 1676 1308 1731 ut
1353 1673 1545 1732 solum
1588 1672 1823 1731 firmum
1869 1673 1951 1732 sit
1992 1676 2055 1732 et
2100 1673 2364 1749 aequale,

103 1776 190 1814 bu·
217 1775 344 1822 pavi·
397 1766 542 1822 tunc
567 1763 749 1823 rudus
774 1761 1096 1822 inducatur
1123 1766 1184 1822 et
1208 1762 1477 1822 vectibus
1504 1762 1718 1840 ligneis
1746 1765 2061 1821 contusum
2086 1761 2364 1821 calcetur.

88 1831 357 1939 ’ῗέζοῇω
401 1871 582 1928 supra
613 1843 622 1933 Ι
653 1852 902 1928 inpensa
936 1855 1200 1911 testacea
1228 1853 1481 1910 crassior
1505 1850 1820 1910 inducatur
1848 1854 1909 1909 et
1934 1851 2154 1910 iterum
2180 1849 2365 1909 vecti·
2380 1861 2474 1913 (1⁵)

265 1929 276 1950 '
340 1939 450 2000 bus
477 1943 725 2001 contusa
752 1941 1052 2001 solidetur.
1124 1939 1304 2001 tertio
1340 1941 1585 2001 nucleus
1620 1940 1683 2000 id
1720 1943 1812 1999 est
1845 1940 2095 2017 inpensa
2127 1939 2367 1999 mollior

339 2029 671 2105 inducatur,
718 2034 778 2089 et
820 2030 1208 2107 politionibus
1251 2030 1511 2090 insistas.
1584 2049 1659 2088 ne
1693 2031 1875 2089 rimas
1911 2030 2153 2088 inutiles
2198 2031 2364 2104 operi
2390 2049 2449 2089 20

339 2117 655 2192 relinquat.

90 2198 366 2300 ffieffis
539 2206 612 2264 In
676 2206 1216 2283 contignationibus
1279 2206 1597 2284 diligenter
1649 2206 2079 2282 respiciendum
2142 2210 2234 2266 est
2296 2209 2367 2264 ut

77 2316 217 2369 supra
261 2317 370 2346 oon·
398 2294 730 2371 aequalitas
777 2295 889 2354 soli
934 2294 1242 2371 dirigatur.
1323 2296 1470 2354 item
1506 2295 1703 2355 danda
1748 2299 1838 2355 est
1882 2313 2063 2371 opera
2107 2314 2181 2354 ne
2226 2314 2367 2355 axes

73 2359 379 2453 ”fffigffiffln
399 2375 653 2466 querlcei
685 2398 823 2443 ‘cum
858 2384 1171 2444 aesculinis
1199 2385 1705 2444 commisceantur.
1778 2403 1919 2443 nam
1956 2402 2203 2461 quercus
2230 2402 2368 2443 cum
2387 2394 2479 2447 (8⁰)

109 2484 226 2523 Vitr-
257 2486 294 2536 ⁷,
323 2487 344 2523 1
402 2475 644 2549 accepto
671 2492 875 2533 umore
905 2473 1216 2533 siccescere
1247 2474 1507 2549 coeperit
1533 2476 1813 2532 arcuatur
1830 2476 1891 2532 et
1915 2474 2097 2532 rimas
2122 2473 2367 2533 inutiles
2396 2492 2450 2534 25

79 2537 210 2588 (Ῥω
241 2541 279 2591 ¹’
307 2539 362 2589 ⁹)'
379 2604 382 2607 -
402 2561 568 2636 operi
586 2562 820 2637 efficiet,
841 2563 1104 2622 aesculus
1121 2562 1439 2639 diligenter
1456 2563 1782 2638 composita
1802 2562 1879 2620 ad
1905 2562 2367 2638 perpetuitatem

343 2649 596 2709 durabit.
670 2670 877 2710 verum
923 2652 973 2711 si
1018 2652 1224 2727 inopia
1258 2652 1377 2710 loci
1414 2651 1684 2710 aesculus
1723 2651 1998 2727 defuerit,
2042 2651 2107 2709 in
2141 2652 2367 2710 tenuis-

343 2740 522 2799 simos
568 2758 708 2799 axes
753 2759 1004 2817 quercus
1051 2744 1293 2815 secetur,
1342 2744 1403 2799 et
1446 2740 1706 2815 primum
1749 2741 1814 2797 in
1859 2739 2082 2799 directo
2127 2740 2366 2799 iactatis

345 2828 568 2904 axibus,
610 2824 618 2906 Ι
659 2830 1038 2906 sequentibus
1067 2831 1132 2889 in
1156 2832 1495 2888 transverso
1524 2829 1748 2904 stratis,
1783 2826 1911 2887 bini
1948 2830 2131 2887 clavis
2161 2829 2366 2887 crebro
2387 2840 2481 2892 (2⁵)

345 2918 421 2977 ad
475 2918 981 2995 contignationem
1037 2918 1276 2979 confixis
1330 2918 1564 2977 utiliter
1608 2918 1775 2993 operi
1820 2917 2198 2977 subicientur.
2290 2918 2365 2976 de
2395 2938 2451 2979 so

344 3025 507 3065 cerro
553 3010 661 3065 aut
704 3008 845 3085 fago
892 3027 995 3067 seu
1048 3009 1220 3066 farno
1267 3006 1645 3066 coaxationes
1689 3007 1837 3065 haut
1881 3006 1957 3065 ad
2003 3008 2368 3066 vetustatem

341 3098 628 3171 poterunt
689 3114 1050 3171 permanere.
1147 3096 1387 3155 iactatis
1451 3097 1516 3153 in
1581 3096 1845 3155 ordinem
1910 3099 1970 3154 et
2024 3095 2368 3171 compositis

346 3183 551 3242 axibus
613 3184 739 3241 filix
802 3188 908 3243 aut
948 3178 956 3265 Ι
995 3185 1204 3260 paleae
1268 3184 1601 3259 aequaliter
1670 3188 2214 3260 supersternantur,
2288 3187 2363 3243 ut
2380 3192 2500 3249 802

345 3272 523 3330 calcis
577 3292 748 3333 umor
795 3274 870 3333 ad
927 3292 1062 3332 axes
1116 3274 1424 3349 pervenire
1479 3292 1599 3332 non
1642 3274 1847 3349 possit.
1937 3276 2080 3332 tunc
2124 3272 2371 3349 insuper

346 3361 765 3419 statuminetur
827 3380 969 3421 saxo
1031 3381 1104 3420 ne
1168 3364 1383 3420 minori
1446 3382 1627 3439 quam
1692 3363 1794 3438 qui
1865 3362 2054 3437 possit
2123 3380 2371 3420 manum
2398 3374 2453 3416 ss

346 3445 608 3517 implere.
717 3450 1137 3509 statuminibus
1193 3446 1539 3528 (inductis)
1593 3451 1796 3510 ruderi
1858 3470 1961 3511 seu
2022 3468 2179 3510 novo
2242 3451 2370 3511 sive

346 3530 609 3631 redivivo
657 3534 732 3593 ad
777 3537 924 3597 duas
971 3542 1172 3613 partes
1217 3557 1338 3597 una
1383 3540 1561 3599 calcis
1596 3532 1952 3622 milsceatur.
2022 3538 2208 3599 rudus
2248 3534 2370 3618 [est
2385 3551 2450 3635 .(⁵)
2534 3560 2539 3565 ’
