2664 3927
797 209 894 263 DE
930 207 1492 264 ARCHITECTURA
1526 210 1658 266 Lm.
1697 210 1764 281 X,
1803 216 1834 267 9
2199 211 2327 276 261

310 363 611 439 parietum
656 363 786 421 axis
826 360 1049 419 habens
1096 362 1263 419 extra
1306 379 1522 424 navem
1563 361 1963 438 prominentia
2008 363 2223 440 capita,
2268 366 2332 422 in

208 460 294 513 (25)
318 470 469 528 quae
510 446 519 530 Ι
558 451 948 510 includuntur
1004 451 1171 509 rotae
1229 450 1522 508 diametro
1580 450 1802 526 pedum
1859 454 2213 527 quaternum
2271 456 2334 512 et

177 547 299 604 285
312 541 601 600 sextantis
650 534 659 618 Ι
707 538 992 598 habentes·
1055 539 1213 598 circa
1273 540 1504 598 frontes
1565 539 1788 598 adfixas
1841 541 2056 616 pinnas
2110 559 2331 616 aquam

311 632 642 707 tangentes.
714 630 863 687 item
907 627 1135 687 medius
1180 629 1307 686 axis
1352 629 1417 686 in
1463 628 1660 688 media
1695 629 1836 688 navi
1872 625 2140 706 (habet)
2175 633 2331 706 tym-

260 737 285 779 5
312 738 535 796 panum
572 737 709 777 cum
744 737 865 776 uno
903 716 1201 775 denticulo
1234 718 1462 775 extanti
1491 720 1658 776 extra
1685 736 1858 777 suam
1883 718 2331 780 rotunditatem.

313 809 389 867 ad
446 827 579 867 eum
630 807 828 865 locu-m
873 806 1221 865 conlocatur
1263 806 1728 865 loculamentum
1771 806 1992 867 habens
2038 807 2332 866 inclusum

234 908 296 960 (ὅ)
314 899 378 956 in
414 915 477 956 se
512 899 884 972 tympanum,
918 885 1315 976 peraelquatis
1344 893 1620 955 dentibus
1656 912 1812 954 cccc
1851 897 2332 956 convenientibus

314 985 613 1045 denticulo
665 984 940 1060 tympani
996 984 1155 1060 quod
1209 987 1300 1042 est
1357 985 1422 1042 in
1481 1003 1592 1042 axe
1641 985 1961 1060 inclusum,
2023 989 2333 1061 praeterea

314 1075 390 1133 ad
453 1074 616 1133 latus
679 1072 937 1131 adfixum
1001 1075 1302 1132 extantem
1367 1075 1534 1132 extra
1595 1073 2024 1132 rotunditatem
2079 1076 2336 1134 alterum

233 1183 287 1222 10
314 1163 553 1221 dentem
594 1181 799 1221 unum.
862 1161 1107 1238 insuper
1147 1163 1212 1220 in
1257 1161 1448 1222 altero
1484 1161 1882 1221 loculamento
1919 1181 2053 1222 cum
2089 1183 2158 1222 eo
2197 1183 2332 1223 con·
2371 1178 2402 1227 6

312 1251 427 1310 fixo
472 1251 767 1311 inclusum
810 1253 1168 1326 tympanum
1212 1251 1461 1326 planum
1507 1251 1582 1309 ad
1629 1251 1880 1309 eundem
1915 1251 2157 1311 modum
2193 1253 2334 1312 den·

207 1349 295 1401 (1⁰)
312 1343 525 1416 taam,
568 1339 1059 1400 convenientibus
1088 1339 1366 1398 dentibus
1403 1339 1702 1400 denticulo
1743 1332 1752 1420 Ι
1795 1341 1897 1416 qui
1933 1343 2026 1400 est
2061 1341 2140 1400 ad
2173 1342 2334 1402 latus

312 1429 465 1488 fixus
508 1433 797 1506 tympano
844 1429 1005 1505 quod
1049 1431 1141 1488 est
1182 1429 1248 1486 in
1292 1428 1484 1487 cultro
1530 1429 1929 1504 conlocatum,
1987 1430 2076 1488 ita
2119 1432 2190 1488 ut
2235 1449 2338 1490 eos

314 1519 517 1578 dentes
571 1520 677 1595 qui
727 1521 866 1577 sunt
906 1518 1075 1593 plani
1118 1518 1395 1594 tympani
1441 1517 1693 1595 sing-ulis
1737 1518 2169 1578 versationibus
2217 1520 2334 1578 sin·

234 1625 287 1667 15
314 1608 487 1685 gulos
531 1609 673 1666 dens
718 1607 1067 1684 inpellendo·
1102 1608 1167 1664 in
1212 1605 1413 1666 orbem
1446 1607 1696 1682 planum
1731 1609 2084 1684 tympanum
2120 1611 2331 1667 verset.

311 1698 377 1755 in
428 1698 618 1773 plano
654 1699 858 1755 autem
902 1699 1191 1772 tympano
1235 1696 1534 1754 foramina
1576 1695 1750 1772 fiant,
1806 1696 1870 1754 in
1918 1695 2130 1772 quibus
2173 1698 2332 1756 fora-

207 1795 294 1847 (15)
312 1786 569 1844 minibus
634 1784 1102 1844 conlocabuntur
1165 1784 1380 1843 calculi
1441 1785 1697 1843 rotundi.
1799 1785 1864 1843 in
1926 1786 2100 1844 theca
2151 1777 2160 1866 Ι
2209 1787 2341 1845 eius·

313 1875 605 1950 tympani,
656 1874 780 1933 sive
824 1873 1287 1932 loculamentum
1334 1875 1440 1948 est5
1486 1892 1671 1931 unum
1703 1874 1974 1932 foramen
2020 1878 2336 1934 excavetur

312 1962 537 2022 habens
592 1961 1013 2037 canaliculum,
1070 1980 1189 2039 qua
1243 1962 1506 2023 calculus
1559 1961 1848 2023 liberatus
1901 1962 1976 2022 ab
2035 1962 2337 2023 obstantia

236 2070 291 2111 so
316 2071 450 2110 cum
504 2052 781 2111 ceciderit
832 2052 897 2109 in
950 2069 1057 2111 vas
1103 2070 1342 2111 aereum
1388 2052 1586 2111 sonitu
1631 2051 1940 2130 significet.
2028 2054 2118 2111 ita
2161 2055 2335 2113 navis
2372 2066 2403 2116 7

317 2160 455 2200 cum
507 2140 783 2200 habuerit
837 2141 1126 2216 impetum
1172 2145 1277 2200 aut
1319 2159 1618 2200 remorum
1663 2144 1770 2200 aut
1813 2144 2125 2200 ventorum
2169 2142 2336 2219 flatu,

315 2231 532 2306 pinnae
597 2249 750 2307 quae
813 2232 989 2288 erunt
1047 2231 1111 2287 in
1166 2230 1313 2290 rotis
1373 2232 1687 2307 tangentes
1749 2248 1968 2306 aquam
2026 2231 2336 2291 adversam

210 2327 296 2379 (²⁰)
315 2318 648 2380 vehementi
689 2313 699 2396 Ι
737 2321 1028 2378 retrorsus
1073 2318 1314 2395 inpulsu
1361 2322 1600 2378 coactae
1645 2318 1968 2379 versabunt
2001 2322 2184 2395 rotaS‚
2229 2339 2338 2379 eae

315 2412 519 2469 autem
569 2407 928 2467 involvendo
980 2426 1042 2467 se
1098 2410 1288 2485 agent.
1336 2428 1530 2482 axem,
1585 2407 1712 2467 axis
1767 2427 1907 2467 vero
1965 2410 2344 2484 tympanum,

236 2514 287 2556 25
314 2498 479 2557 cuius
535 2497 678 2557 dens
725 2496 1115 2556 circumactus
1160 2497 1412 2573 sing-ulis
1457 2496 1889 2557 versationibus
1935 2497 2198 2575 sing-ulos
2245 2516 2336 2557 se·

314 2586 489 2645 cundi
550 2586 824 2662 tympani
876 2585 1081 2645 dentes
1133 2584 1472 2661 inpellendo
1527 2585 1789 2645 modicas
1847 2584 2031 2644 efficit
2088 2587 2332 2645 circum·

219 2716 229 2729 .
312 2674 545 2736 itiones.
635 2676 723 2733 ita
782 2694 916 2733 cum
974 2691 1130 2733 cccc
1193 2674 1268 2733 ab
1321 2676 1520 2750 pinnis
1565 2676 1732 2733 rotae
1776 2675 1999 2733 fuerint
2042 2679 2342 2751 versatae,

208 2772 294 2824 (²⁶)
314 2765 495 2823 semel
547 2767 900 2840 tympanum
956 2754 1396 2844 circumlactum
1448 2762 1696 2839 inpellet
1748 2762 1923 2823 dente
1971 2766 2073 2839 qui
2119 2767 2210 2825 est
2254 2756 2343 2823 ad⁴

314 2853 473 2911 latus
518 2852 685 2927 fixus,
729 2852 898 2928 plani
941 2852 1219 2928 tympani
1262 2852 1520 2911 dentem.
1581 2851 1768 2929 igitur
1812 2851 2140 2911 circumitio
2178 2856 2332 2929 tym-

236 2959 289 3000 30
314 2943 459 3018 pani
512 2941 680 3017 plani
728 2942 1255 3017 quotienscumque
1302 2940 1378 2999 ad
1423 2941 1691 3001 foramen
1733 2940 2017 3019 perducet
2060 2942 2340 3019 calculoS,

458 3221 487 3268 1
525 3214 733 3285 inquae
768 3218 935 3289 (qne
953 3216 1119 3285 1360,
1158 3234 1245 3286 -q2
1271 3217 1346 3288 G)
1380 3234 1435 3272 ω.
1479 3220 1502 3287 ΙΙ
1539 3222 1572 3271 8
1610 3219 1902 3272 sextantae
1939 3220 2018 3291 (-9
2045 3217 2186 3287 EG)
2222 3234 2280 3273 x.

313 3291 349 3338 4
392 3285 569 3341 habet
617 3305 720 3343 om.
755 3305 810 3343 x.
875 3290 895 3357 ΙΙ
952 3293 1027 3342 -10
1074 3286 1301 3343 dentem
1355 3290 1504 3358 (ante
1547 3291 1712 3359 corr.)
1762 3306 1861 3345 om.
1905 3289 1958 3345 G·
2008 3304 2143 3356 men
2177 3288 2280 3357 Ε).

317 3362 387 3409 12
421 3357 909 3415 convenientibus:
944 3358 1149 3428 quibus
1187 3359 1287 3429 (ὡς
1316 3360 1407 3429 Η)
1443 3377 1498 3415 x.
1549 3364 1560 3428 Ι
1609 3358 1925 3415 denticulus
1961 3376 2016 3414 x.
2072 3361 2092 3430 ΙΙ
2147 3365 2216 3413 13
2251 3359 2338 3413 ita

314 3430 380 3482 ut
414 3444 537 3485 eosz
573 3428 729 3485 ineos
766 3448 821 3486 x.
878 3432 897 3501 u
953 3435 1019 3485 15
1059 3429 1221 3485 dens:
1261 3430 1458 3486 dentes
1495 3448 1551 3486 x.
1601 3432 1612 3500 1
1664 3430 1894 3501 plenum
1927 3448 1982 3486 ω.
2037 3432 2058 3499 ΙΙ
2114 3435 2177 3484 17
2217 3429 2342 3484 eius

313 3500 583 3571 tympano
612 3502 674 3557 Ε
704 3508 755 3556 et
791 3504 938 3572 (ante
974 3503 1134 3571 corr.)
1166 3500 1233 3556 G.
1264 3503 1283 3573 ΙΙ
1310 3507 1381 3556 20
1419 3500 1664 3556 sonitum
1691 3504 1776 3573 (-ῐ”ι
1805 3502 1878 3572 G)
1904 3518 1959 3556 x.
1987 3502 2007 3570 11
2035 3506 2101 3555 26
2140 3499 2339 3555 circui-

314 3573 496 3627 tiones
532 3589 588 3628 ω.
643 3575 663 3645 ΙΙ
718 3578 785 3629 29
823 3572 1078 3628 circuitio
1114 3588 1169 3628 ω.
1855 3607 1860 3611 -
