2664 3927
308 173 434 236 182
1144 173 1473 228 VITRUVH

296 343 410 400 que
472 325 705 400 physici
769 328 832 384 et
893 323 1231 400 philosophi
1293 324 1440 382 haec
1503 323 1795 401 principia
1850 342 1975 383 esse
2032 326 2327 399 quattuor

294 417 753 489 proposuerunt,
800 433 997 472 aerem
1033 413 1233 490 ignem
1267 415 1490 470 terram
1528 432 1767 489 aquam,
1805 432 2127 488 eorumque
2162 413 2327 471 inter

296 521 358 560 se
405 503 846 562 cohaerentiam
889 502 1156 560 naturali
1199 501 1557 578 figuratione
1602 521 1635 560 e
1681 493 1984 584 gene}m
2028 501 2317 561 discrimi-
2340 514 2409 565 (5)

222 603 253 649 2
293 591 468 650 nibus
515 591 744 651 efficere
793 591 1131 667 qualitates,
1205 590 1734 650 animadvertimus
1781 611 1921 651 vero
1968 609 2089 649 non
2126 591 2323 648 solum

293 680 600 739 nascentia
647 699 717 738 ex
760 680 854 738 his
900 697 1026 739 esse
1072 682 1385 754 procreata
1431 679 1533 738 sed
1580 679 1761 738 etiam
1804 699 1897 738 res
1946 698 2147 738 omnes
2199 699 2321 738 non
2350 699 2379 740 5

291 769 376 826 ali
421 771 546 827 sine
593 787 800 827 eorum
844 770 1142 843 potestate
1189 787 1380 843 neque
1428 786 1687 828 crescere
1731 787 1841 827 nec
1885 769 2061 827 tueri.
2151 787 2323 826 nam·

290 877 406 933 que
453 875 701 933 corpora
749 857 874 915 sine
921 857 1164 932 spiritus
1209 856 1607 915 redundantia
1652 877 1772 916 non
1817 860 2067 932 possunt
2100 857 2319 916 habere

289 946 498 1020 vitam,
545 946 662 1005 nisi
708 965 809 1004 aer
853 946 1108 1004 influens
1154 965 1289 1004 cum
1332 946 1695 1005 incremento
1745 946 1953 1005 fecerit
1999 949 2209 1005 auctus
2257 949 2320 1004 et

293 1025 302 1115 Ι
342 1034 714 1094 remissiones
779 1034 1164 1094 continenter.
1265 1035 1479 1094 caloris
1535 1054 1675 1095 vero
1740 1035 1791 1094 si
1845 1054 1965 1093 non
2019 1035 2201 1092 fuerit
2253 1035 2318 1092 in
2338 1044 2431 1097 (ιο)

292 1142 534 1198 corpore
580 1124 742 1182 iusta
788 1123 1172 1200 comparatiO,
1217 1141 1338 1181 non
1384 1124 1498 1182 erit
1534 1124 1779 1199 spiritus
1816 1123 2090 1182 animalis
2126 1142 2319 1198 neque
2348 1144 2409 1184 ιθ

292 1212 510 1271 erectio
557 1212 743 1288 firma,
793 1213 1031 1288 cibique
1075 1213 1232 1273 vires
1279 1231 1400 1272 non
1442 1215 1726 1288 poterunt
1768 1213 1987 1271 habere
2033 1213 2319 1271 coctionis

290 1304 771 1376 temperaturam.
844 1302 990 1360 item
1034 1301 1085 1360 si
1100 1321 1249 1361 ‚non
1284 1301 1553 1360 terrestri
1590 1302 1719 1360 cibo
1756 1301 2019 1360 membra
2057 1302 2318 1376 corporis

290 1390 543 1465 alantur,
590 1389 864 1449 deficient
909 1393 970 1449 et
1013 1391 1100 1449 ita
1148 1409 1182 1447 a
1227 1389 1451 1448 terreni
1493 1390 1775 1466 principii
1818 1388 2102 1449 mixtione
2140 1393 2314 1448 erunt

215 1488 246 1536 3
287 1470 551 1560 delserta.
645 1479 928 1537 animalia
973 1497 1112 1537 vero
1171 1478 1220 1536 si
1274 1479 1498 1537 fuerint
1544 1479 1671 1537 sine
1716 1479 1942 1538 umoris
1992 1481 2308 1553 potestate,
2329 1489 2423 1541 (1⁵)

283 1569 710 1645 exsanguinata
774 1572 836 1626 et
898 1569 1176 1626 exsucata
1241 1585 1276 1624 a
1340 1567 1768 1644 principiorum
1827 1567 2059 1643 liquore
2123 1568 2306 1625 inter·
2334 1587 2392 1627 15

283 1660 564 1715 arescent.
671 1657 857 1734 igitur
921 1655 1122 1714 divina
1194 1674 1360 1713 mens
1436 1675 1590 1731 quae
1660 1657 1899 1732 proprie
1972 1657 2304 1715 necessaria

281 1748 478 1804 essent
531 1745 806 1822 gentibus
862 1763 980 1802 non
1025 1745 1342 1803 constituit
1387 1743 1655 1803 difficilia
1702 1749 1763 1803 et
1808 1763 1969 1820 cara,
2025 1747 2117 1804 uti
2164 1747 2305 1803 sunt

279 1834 641 1910 margaritae
687 1854 896 1892 aurum
941 1836 1254 1910 argentum
1299 1836 1609 1909 ceteraque
1657 1853 1808 1909 quae
1854 1853 2045 1909 neque
2092 1851 2305 1908 corpus

280 1941 388 1981 nec
431 1926 646 1982 natura
688 1922 998 1999 desiderat,
1040 1917 1049 2002 Ι
1091 1921 1194 1982 sed
1228 1922 1357 1982 sine
1395 1923 1605 1999 quibus
1643 1923 1987 1984 mortalium
2022 1922 2151 1983 vita
2186 1940 2307 1981 non
2328 1932 2417 1986 (2⁰)

280 2014 483 2086 potest
537 2030 662 2071 esse
716 2015 879 2087 tuta,
934 2031 1002 2070 ea
1047 2012 1207 2070 fudit
1255 2012 1330 2069 ad
1376 2032 1618 2071 manum
1661 2015 1877 2088 parata
1919 2032 2026 2087 per
2072 2031 2308 2071 omnem
2336 2033 2391 2071 20

280 2100 580 2159 mundum.
671 2102 876 2176 itaque
931 2120 1001 2158 ex
1054 2101 1174 2174 his,
1229 2100 1280 2159 si
1338 2101 1484 2176 quid
1537 2102 1691 2159 forte
1747 2101 1890 2159 defit
1943 2103 2007 2159 in
2062 2119 2307 2176 corpore

280 2188 543 2264 spiritus,
579 2188 657 2246 ad
691 2188 1122 2248 restituendum
1159 2208 1260 2247 aer
1287 2190 1635 2267 adsignatus
1672 2190 1736 2248 id
1770 2193 2055 2266 praestat.
2118 2210 2304 2291 appa-

280 2280 446 2337 ratus
496 2281 695 2336 autem
741 2278 816 2336 ad
863 2277 1084 2336 auxilia
1130 2277 1342 2338 caloris
1391 2279 1533 2339 solis
1588 2279 1843 2355 impetus
1892 2282 1953 2337 et
2008 2280 2165 2356 ignis
2219 2279 2309 2335 in—

279 2370 492 2425 ventus
537 2367 822 2426 tutiorem
868 2367 1050 2426 efficit
1093 2368 1296 2426 vitam.
1372 2369 1518 2426 item
1552 2359 1842 2448 terlrenus
1879 2370 2109 2426 fructus
2148 2386 2307 2426 esca·
2327 2378 2425 2430 (25)

278 2476 413 2513 rum
472 2458 782 2531 praestans
848 2456 1032 2532 copiis
1100 2458 1479 2531 supervacuis
1543 2456 2009 2515 desiderationes
2076 2458 2187 2515 alit
2250 2459 2311 2514 et
2340 2475 2395 2516 25

278 2545 472 2603 nutrit
530 2545 813 2603 animales
872 2544 1166 2620 pascendo
1231 2545 1619 2603 continenter.
1729 2564 1887 2621 aqua
1929 2540 1936 2622 Ι
1977 2564 2117 2604 vero
2183 2565 2305 2604 non
2325 2554 2451 2609 185

278 2634 472 2693 solum
505 2636 682 2709 potus
721 2634 825 2693 sed
859 2634 1122 2693 infinitas
1159 2652 1271 2692 usu
1297 2634 1635 2709 praebendo
1664 2636 2070 2709 necessitates,
2108 2636 2313 2711 gratas

205 2731 239 2778 4
277 2723 436 2798 quod
490 2725 581 2781 est
635 2724 904 2800 gratuita
956 2725 1226 2799 praestat
1284 2723 1601 2782 utilitates.
1703 2742 1774 2781 ex
1830 2743 1900 2783 eo
1967 2724 2154 2782 etiam
2211 2724 2315 2797 qui

277 2813 606 2871 sacerdotia
653 2816 868 2891 gerunt
910 2811 1174 2871 moribus
1220 2810 1687 2889 Aegyptiorum,
1736 2811 2061 2871 ostendunt
2107 2830 2308 2871 omnes

274 2919 368 2960 res
425 2921 456 2959 e
511 2902 760 2977 liquoris
819 2904 1118 2977 potestate
1179 2902 1517 2959 consistere.
1618 2902 1823 2975 itaque
1890 2920 2023 2959 cum
2087 2900 2301 2975 hydria
2331 2920 2386 2959 30

427 3182 458 3229 3
498 3174 821 3229 coherentia
857 3193 913 3229 x.
941 3176 962 3243 ΙΙ
991 3182 1020 3228 7
1060 3175 1261 3245 spiritu
1300 3178 1427 3246 (s‘p‘fi
1457 3176 1523 3245 S)
1561 3194 1617 3231 x.
1658 3179 1677 3246 ΙΙ
1715 3181 1781 3229 13
1822 3175 2082 3230 deficient
2116 3176 2178 3229 E
2189 3174 2319 3230 GS:

283 3248 400 3299 -tur
427 3247 505 3300 H.
534 3249 554 3315 ΙΙ
584 3252 648 3300 19
686 3262 790 3301 nec
827 3264 880 3299 n.
911 3246 1047 3301 HS:
1086 3262 1268 3315 neque
1305 3264 1361 3300 n.
1393 3246 1530 3301 EG.
1568 3249 1589 3317 ΙΙ
1626 3252 1695 3300 20
1732 3246 2044 3302 tutaefudit
2072 3246 2141 3300 H
2193 3247 2323 3299 tuta

279 3315 484 3370 effudit
511 3318 596 3385 S),
635 3319 762 3370 tuta
789 3315 940 3369 fudit
970 3316 1108 3373 EG.
1136 3320 1154 3387 ΙΙ
1183 3323 1248 3370 21
1280 3316 1419 3371 defit
1448 3318 1563 3373 HS
1574 3318 1649 3373 G
1690 3317 1839 3372 desit
1868 3318 1937 3372 E.
1966 3320 1985 3387 ΙΙ
2013 3322 2081 3370 23
2117 3333 2181 3371 co
2206 3316 2319 3371 oris

281 3385 360 3435 H
409 3388 427 3452 ΙΙ
473 3392 542 3439 25
579 3386 1092 3442 desiderationibus
1131 3389 1234 3456 (H,
1271 3388 1413 3456 -nib3
1444 3389 1647 3458 EGS)
1683 3406 1739 3444 ω.
1786 3391 1805 3459 ΙΙ
1854 3395 1922 3442 27
1959 3406 2066 3442 usu
2098 3388 2319 3443 HEG.

283 3453 413 3571 ugni
451 3456 504 3509 Β.
561 3458 580 3524 ΙΙ
627 3463 704 3581 go
750 3456 939 3511 hidria
985 3475 1096 3526 qua
1138 3460 1208 3526 G,
1255 3459 1403 3513 idria
1449 3476 1622 3528 quam
1660 3461 1745 3527 E,
1789 3460 1990 3529 hydrio
2037 3474 2205 3527 quem
2241 3458 2325 3525 H,

279 3536 319 3585 y
361 3538 445 3573 ria
481 3541 589 3597 que
