2664 3927
370 161 498 224 192
1212 159 1545 214 VITRUVII

363 314 426 370 in
491 331 744 388 summo,
810 312 1000 370 colore
1066 309 1276 369 similis
1328 311 1475 369 vitri
1528 310 1831 386 purpurei.
1931 311 2079 369 haec
2133 311 2394 372 maxime

365 401 776 460 consideratur
819 399 1087 458 Athenis.
1168 399 1256 457 ibi
1302 399 1459 458 enim
1505 419 1577 457 ex
1623 399 1914 458 eiusmodi
1958 400 2105 458 locis
2154 403 2214 458 et
2257 402 2392 460 fon-

364 489 526 548 tibus
562 490 629 548 in
667 492 800 564 asty
837 492 897 547 et
935 489 1012 546 ad
1048 491 1286 564 portum
1312 487 1625 546 Piraeeum
1661 488 1874 547 ductae
1912 491 2052 547 sunt
2090 489 2392 567 salienteS,

366 598 397 637 e
444 579 659 654 quibus
705 577 858 636 bibit
903 596 1074 636 nemo
1111 578 1357 652 propter
1394 597 1526 635 eam
1563 596 1805 636 causam
1842 577 1944 637 sed
1980 578 2387 638 lavationibus

365 671 426 726 et
467 667 711 742 reliquis
753 662 761 744 Ι
802 666 975 724 rebus
1021 668 1293 741 utuntur,
1338 664 1550 724 bibunt
1597 668 1796 724 'autem
1844 686 1915 724 ex
1958 667 2155 741 puteis
2203 670 2262 726 et
2297 668 2524 732 ita5(20)

361 756 559 816 vitant
613 774 818 814 earum
861 755 1026 813 vitia.
1119 755 1400 813 Troezeni
1445 774 1565 813 non
1608 757 1808 830 potest
1851 755 1916 814 id
1958 755 2168 832 vitari,
2224 757 2391 832 quod

365 845 602 902 omnino
659 844 825 902 aliud
881 862 1068 920 genus
1125 863 1312 919 aquae
1370 863 1490 902 non
1538 844 1835 920 reperitur
1878 843 1994 902 nisi
2039 845 2202 919 quod
2249 844 2387 904 Cib-

365 933 484 992 deli
527 933 762 1006 habent,
807 933 1015 1008 itaque
1060 933 1125 990 in
1171 951 1240 991 ea
1286 933 1530 992 civitate
1576 935 1683 990 aut
1728 951 1928 991 omnes
1976 936 2081 991 aut
2124 934 2389 994 maxima

363 1025 534 1097 parte
595 1024 733 1080 sunt
791 1022 1038 1098 pedibus
1097 1021 1316 1082 vitiosi.
1420 1021 1629 1080 Cilicia
1687 1041 1828 1082 vero
1891 1022 2134 1082 civitate
2197 1023 2385 1082 Tarso

363 1111 583 1168 flumen
631 1113 719 1169 est
757 1111 993 1169 nomine
1032 1102 1302 1192 Cydflnos,
1349 1111 1411 1168 in
1449 1129 1565 1186 quo
1602 1111 1910 1187 podagrici
1947 1129 2121 1170 crura
2156 1130 2383 1170 macer·
2396 1124 2547 1172 1o(25)

365 1203 530 1258 antes
575 1201 854 1258 levantur
897 1200 1113 1258 dolore.

501 1280 508 1370 Ι
543 1288 695 1347 Sunt
747 1291 950 1346 autem
1005 1292 1064 1347 et
1109 1290 1228 1347 alia
1271 1289 1463 1346 multa
1509 1308 1727 1364 genera
1772 1308 1925 1363 quae
1972 1288 2194 1346 habent
2242 1308 2383 1349 suas
2408 1300 2524 1356 195

361 1379 774 1453 proprietateS,
839 1380 909 1435 ut
971 1377 1034 1435 in
1091 1377 1294 1436 Sicilia
1347 1377 1569 1436 flumen
1623 1381 1713 1436 est
1765 1377 2066 1452 Himeras,
2131 1378 2290 1453 quod
2348 1399 2384 1436 a

361 1468 524 1526 fonte
572 1487 708 1526 cum
755 1469 843 1525 est
888 1484 1268 1542 progressum
1313 1464 1604 1524 dividitur
1647 1468 1711 1523 in
1748 1466 1893 1526 duas
1930 1469 2146 1542 partes.
2224 1486 2382 1542 quae

361 1575 500 1631 11313
562 1555 810 1631 profluit
863 1557 1070 1614 contra
1123 1554 1453 1629 Etruriam,
1519 1555 1680 1630 quod
1734 1574 1840 1630 per
1893 1557 2087 1614 terrae
2143 1555 2379 1614 dulcem
2412 1578 2465 1618 15

361 1664 566 1704 sucum
619 1635 958 1725 persscurrit,
1013 1645 1102 1701 est
1145 1643 1380 1700 infinita
1426 1643 1753 1718 dulcedine,
1799 1664 1953 1719 quae
2001 1644 2191 1703 altera
2235 1663 2377 1720 pars
2402 1658 2462 1708 (5)

361 1753 468 1810 per
527 1753 657 1791 eam
717 1735 940 1790 terram
1003 1731 1190 1790 currit
1250 1731 1408 1790 unde
1464 1733 1553 1790 sal
1607 1733 1861 1808 foditur,
1926 1734 2146 1792 salsum
2199 1733 2381 1792 habet

361 1841 648 1897 saporem.
719 1821 868 1879 item
902 1821 1260 1879 Paraetonio
1307 1823 1368 1878 et
1413 1821 1575 1896 quod
1620 1824 1710 1880 est
1753 1821 1869 1879 iter
1916 1822 1991 1880 ad
2026 1821 2379 1881 Ammonem

362 1913 422 1969 et
471 1909 641 1971 Casio
690 1910 767 1969 ad
801 1911 1150 1987 Aegyptum
1193 1911 1361 1969 lacus
1408 1912 1549 1969 sunt
1595 1911 1910 1986 palustres,
1958 1911 2060 1986 qui
2104 1910 2191 1970 ita
2238 1914 2383 1971 sunt

360 1998 505 2059 salsi
540 2002 609 2057 ut
642 2000 904 2058 habeant
938 2000 1182 2076 insuper
1219 2019 1278 2059 30
1317 2000 1504 2059 3310111
1540 2001 1931 2076 congelatum.
1997 2003 2135 2058 sunt
2173 2003 2379 2059 autem
2410 2024 2464 2062 20

361 2092 422 2147 et
469 2088 603 2146 aliis
647 2088 918 2163 pluribus
961 2085 969 2167 Ι
1010 2088 1155 2148 10013
1202 2092 1263 2147 et
1306 2090 1501 2148 fontes
1548 2091 1609 2147 et
1652 2090 1901 2147 flumina
1947 2092 2007 2146 et
2040 2089 2225 2163 lacus,
2273 2091 2381 2165 qui
2400 2102 2489 2154 (10)

361 2197 467 2253 per
530 2176 874 2236 salifodinas
928 2180 1336 2253 percurrentes
1391 2178 1718 2237 necessario
1778 2178 1919 2235 salsi
1972 2178 2379 2253 perficiuntur.

364 2267 469 2325 alii
516 2270 716 2326 autem
759 2286 865 2342 per
909 2266 1158 2343 pingues
1203 2269 1397 2325 terrae
1433 2286 1612 2325 venas
1647 2267 2004 2341 profluentes
2042 2268 2211 2324 uncti
2248 2267 2379 2327 oleo

362 2358 557 2414 fontes
611 2358 958 2430 erumpunt,
1021 2355 1115 2413 uti
1171 2354 1352 2431 Solis,
1413 2355 1573 2430 quod
1628 2355 1915 2431 oppidum
1969 2357 2059 2414 est
2117 2354 2379 2433 Ciliciae,

361 2446 581 2502 flumen
636 2444 870 2503 nomine
915 2444 1178 2521 Liparis,
1231 2445 1296 2502 in
1342 2464 1460 2520 (1110
1507 2446 1783 2501 natantes
1832 2446 1937 2501 aut
1980 2444 2252 2503 lavantes
2300 2445 2377 2503 ab
2409 2468 2461 2507 25

359 2534 493 2609 ipsa
549 2553 705 2609 aqua
759 2536 1084 2609 unguntur.
1178 2525 1471 2615 similliter
1523 2531 1847 2607 Aethiopia
1904 2534 2067 2591 lacus
2126 2536 2215 2591 est
2270 2534 2379 2609 qui
2402 2546 2489 2598 (15)

361 2626 570 2682 unctos
614 2622 881 2681 homines
929 2622 1111 2680 efficit
1156 2622 1261 2697 qui
1305 2623 1369 2680 in
1414 2641 1482 2679 eo
1528 2621 1893 2695 nataverint,
1947 2624 2008 2679 et
2052 2621 2223 2680 India
2271 2624 2379 2697 qui

503 2886 534 2933 2
573 2879 997 2934 considerantur
1029 2898 1071 2934 x
1117 2879 1318 2949 (-ratur
1348 2879 1440 2947 Ge,
1476 2896 1587 2933 ‘non
1616 2879 1697 2948 S).
1745 2881 1763 2949 ΙΙ
1810 2885 1841 2931 3
1880 2878 2112 2949 inasty(i
2140 2880 2237 2949 E)
2263 2898 2319 2935 x.
2366 2880 2373 2953 Ι

358 2951 614 3021 piraeum
641 2955 722 3020 (-1“1
754 2952 825 3021 G)
854 2952 923 3005 Η
929 2952 1000 3019 G,
1033 2950 1192 3020 1111οῆ
1222 2950 1403 3031 Sffic),
1439 2966 1674 3019 pureum
1703 2950 1771 3004 E.
1807 2952 1815 3018 Ι
1848 2950 2005 3003 ducti
2030 2968 2083 3005 x.
2114 2953 2133 3019 ΙΙ
2160 2956 2193 3003 4
2223 2968 2377 3007 eam:

358 3024 505 3076 hanc
534 3022 586 3077 S.
616 3025 634 3092 ΙΙ
663 3028 692 3075 6
725 3038 916 3075 eorum
941 3040 996 3076 x.
1032 3026 1040 3091 Ι
1072 3022 1247 3090 quod:
1278 3038 1411 3089 quia
1432 3020 1483 3076 S.
1514 3023 1533 3091 ΙΙ
1562 3027 1590 3074 7
1622 3020 1832 3075 cibdeli
1858 3022 1927 3075 H
1932 3020 2061 3077 SE:
2092 3020 2234 3093 cibi}
2262 3021 2381 3075 deli

365 3094 430 3147 G.
459 3096 477 3163 ΙΙ
506 3099 537 3145 8
575 3093 826 3147 habeant
859 3110 912 3147 x.
942 3094 962 3161 ΙΙ
991 3098 1020 3145 9
1060 3092 1261 3146 civitas
1298 3090 1491 3146 tharso
1520 3094 1610 3161 (H
1618 3093 1684 3159 G,
1731 3092 1909 3146 thirso
1939 3092 2013 3161 E,
2047 3096 2201 3147 tarso
2230 3093 2299 3163 S)
2336 3112 2379 3149 x

361 3163 613 3231 (civitate
639 3164 774 3231 Joc.,
809 3165 880 3228 cf.
901 3181 959 3232 p.
991 3166 1241 3232 195,13).
1272 3164 1290 3232 ΙΙ
1320 3168 1386 3215 16
1425 3179 1569 3231 quae
1606 3166 1700 3231 (aii
1732 3164 1859 3217 add.
1892 3164 1960 3233 S)
1999 3162 2180 3217 altera
2214 3166 2379 3233 parte

359 3252 415 3289 ω.
469 3236 489 3303 ΙΙ
545 3239 609 3287 18
655 3233 885 3303 paret(&
921 3234 1010 3302 H,
1047 3250 1078 3287 e
1102 3234 1108 3306 Ι
1132 3251 1162 3287 0
1200 3233 1398 3303 S)oni0
1435 3252 1489 3289 x.
1552 3236 1559 3304 Ι
1620 3250 1933 3287 ammonem
1968 3236 2065 3304 (-e)
2112 3236 2229 3304 (sic)
2265 3252 2319 3289 x.

364 3310 428 3367 19
485 3304 637 3359 casio
677 3305 821 3360 EG:
879 3304 1060 3357 cassio
1097 3304 1222 3360 HS.
1277 3308 1296 3374 ΙΙ
1351 3311 1417 3358 21
1474 3304 1706 3357 flumina
1758 3304 1916 3358 lacus
1976 3307 2095 3374 (om.
2142 3308 2220 3375 et)
2265 3324 2319 3359 oe.

363 3379 430 3425 26
485 3378 770 3443 unguntur
807 3374 876 3427 H
879 3375 940 3428 E
950 3375 1023 3429 G:
1085 3378 1409 3445 unguuntur
1446 3376 1497 3429 S.
1560 3377 1567 3443 Ι
1628 3374 1947 3445 aethiopiae
2002 3376 2178 3445 (HE,
2226 3394 2281 3449 -0
2360 3420 2379 3445 ,

363 3457 419 3493 -0
449 3444 520 3510 G)
547 3464 599 3497 ω.
631 3448 648 3515 ΙΙ
677 3452 741 3498 27
771 3444 1053 3499 nataverit
1080 3446 1149 3499 H
1169 3446 1329 3515 (-rint
1360 3448 1503 3515 GS).
1538 3449 1546 3515 Ι
1578 3445 1735 3501 india
1764 3447 1833 3499 H
1837 3447 1981 3503 EG:
2010 3446 2072 3499 in
2098 3446 2255 3499 india
2284 3446 2339 3502 S.
2364 3448 2373 3520 Ι

366 3511 462 3573 qui
488 3514 623 3568 HS:
661 3533 770 3587 que
800 3515 936 3569 EG.
