2664 3927
313 223 320 232 ·
349 219 485 283 168
1191 215 1531 270 vrrauvu

351 372 677 446 perpetuae
719 363 727 447 Ι
767 369 1044 446 figantur,
1091 367 1302 426 deinde
1344 367 1567 425 iterum
1610 367 1738 425 luto
1782 367 2025 428 inducto
2062 370 2114 428 si
2147 370 2377 447 priores
2397 382 2501 439 (20)

321 458 801 518 *transversariis
872 456 1300 515 harundinibus
1363 455 1513 514 fixae
1577 459 1739 531 sunt,
1813 458 2101 516 secundae
2166 461 2377 519 erectis

353 548 619 624 figantur
681 550 741 605 et
801 546 916 621 ita,
979 547 1070 603 uti
1133 563 1316 621 supra
1380 545 1665 619 scriptum
1728 547 1842 619 est,
1905 546 2259 606 harenatum
2312 551 2378 607 et

353 655 631 694 marmor.
644 638 704 693 et
733 654 902 693 omne
939 634 1253 693 tectorium
1288 633 1620 692 inducatur.
1691 634 1781 692 ita
1808 652 2130 693 cannarum
2159 637 2377 712 duplex

351 726 421 782 in
465 723 790 800 parietibus
834 723 1260 782 harundinibus
1305 723 1658 781 transversis
1702 721 1819 779 fixa
1862 725 2229 800 perpetuitas
2265 745 2376 784 nec
2405 745 2433 784 5

357 813 624 890 segmina
668 831 775 871 nec
819 813 1034 870 rimam
1077 812 1264 870 ullam
1301 803 1312 892 Ι
1353 810 1481 869 fieri
1523 810 1802 886 patietur.
2395 827 2496 878 (25)

265 915 347 968 IV
495 900 715 969 Quibus
775 899 1107 959 rationibus
1171 899 1340 959 siccis
1404 900 1547 958 locis
1612 899 1861 958 tectoria
1916 904 2189 975 oporteat
2245 901 2377 960 fieri

355 989 498 1064 dixi,
543 1009 698 1048 nunc
746 989 1239 1064 quemadmodum
1273 988 1491 1046 umidis
1526 987 1672 1046 locis
1708 988 2026 1063 politiones
2063 990 2376 1065 expedian-

353 1081 458 1136 tur
491 1081 564 1136 ut
597 1092 942 1154 permanere
985 1075 1216 1153 possint
1252 1078 1378 1136 sine
1414 1076 1595 1151 vitiis,
1642 1095 1946 1152 exponam.
2022 1081 2082 1136 et
2116 1079 2377 1154 primum

358 1158 753 1248 conelalvibus
809 1186 960 1242 quae
1013 1167 1194 1242 plano
1239 1166 1389 1241 pede
1439 1165 1685 1240 fuerint,
1739 1167 1803 1223 in
1856 1167 1975 1224 imo
2030 1168 2375 1242 pavimento
2396 1178 2525 1234 170

355 1255 480 1313 alte
526 1255 758 1314 circiter
801 1255 1048 1331 pedibus
1093 1255 1282 1314 tribus
1327 1273 1435 1329 pro
1480 1254 1766 1313 harenato
1813 1257 1969 1314 testa
2012 1257 2379 1315 trullissetur
2406 1263 2473 1316 11'

359 1347 420 1402 et
447 1344 757 1420 dirigatur,
790 1345 882 1403 uti
909 1364 1012 1403 eae
1041 1347 1242 1419 partes
1277 1342 1661 1401 tectoriorum
1698 1343 1772 1400 ab
1810 1361 2015 1402 umore
2051 1364 2125 1403 ne
2162 1345 2374 1404 vitien-

353 1437 472 1491 tur.
563 1433 656 1492 sin
703 1436 903 1492 autem
948 1433 1135 1508 aliqui
1180 1432 1376 1507 paries
1426 1434 1741 1506 perpetuos
1795 1432 2071 1491 habuerit
2124 1452 2375 1510 umores,

354 1522 667 1598 paululum
713 1521 786 1579 ab
823 1527 896 1580 eo'
933 1514 941 1602 Ι
981 1521 1291 1580 recedatur
1325 1522 1387 1578 et
1422 1523 1688 1578 struatur
1722 1520 1876 1579 alter
1911 1522 2105 1580 tenuis
2144 1523 2371 1581 distans
2395 1533 2459 1586 (5)

358 1611 434 1668 ab
481 1629 550 1669 eo
599 1613 888 1685 quantum
921 1627 1015 1669 res
1053 1609 1335 1684 patietur,
1382 1611 1443 1668 et
1478 1609 1635 1667 inter
1670 1609 1816 1668 duos
1852 1610 2109 1685 parietes
2147 1610 2371 1670 canalis
2404 1632 2461 1673 15

357 1699 610 1758 ducatur
641 1698 889 1756 inferior
924 1717 1104 1774 quam
1139 1698 1561 1755 libramentum
1588 1698 1883 1757 conclavis
1918 1699 2115 1774 fuerit,
2149 1699 2371 1758 habens

353 1806 530 1846 nares
576 1787 653 1845 ad
695 1787 892 1846 locum
935 1790 1254 1862 patentem.
1344 1787 1489 1844 item
1535 1803 1669 1844 cum
1710 1787 1775 1845 in
1820 1787 2199 1847 altitudinem
2240 1807 2372 1864 per-

357 1879 616 1935 structus
660 1875 859 1950 fuerit,
904 1874 1316 1950 relinquantur
1362 1875 1741 1951 spiramenta.
1816 1876 1867 1935 si
1912 1877 2070 1935 enim
2114 1896 2233 1936 non
2268 1897 2376 1953 per

321 2008 324 2013 -
356 1984 528 2023 nares
576 1984 748 2024 umor
792 1968 854 2024 et
896 1966 960 2023 in
1003 1966 1123 2023 imo
1165 1956 1172 2046 Ι
1215 1967 1276 2023 et
1318 1963 1383 2022 in
1428 1984 1655 2023 summo
1691 1966 1967 2024 habuerit
2002 1966 2211 2042 exitus,
2254 1986 2375 2025 non
2394 1979 2487 2030 (1⁰)

355 2054 554 2112 minus
597 2054 663 2111 in
707 2073 863 2112 nova
901 2056 1198 2113 structura
1235 2072 1296 2113 se
1335 2052 1665 2127 dissipabit.
1737 2054 1829 2114 his
1865 2056 2139 2131 perfectis
2176 2057 2374 2132 paries
2404 2076 2461 2115 20

355 2145 514 2201 testa
576 2142 937 2201 trullissetur
990 2145 1050 2200 et
1111 2142 1407 2219 dirigatur
1460 2144 1520 2199 et
1580 2145 1722 2201 tunc
1785 2143 2033 2202 tectorio
2092 2145 2373 2221 poliatur.

285 2250 322 2297 2
361 2232 454 2290 sin
491 2234 690 2289 autem
724 2231 887 2291 locus
923 2250 1044 2290 non
1078 2231 1345 2308 patietur
1380 2233 1739 2289 structuram
1773 2232 1919 2308 fieri,
1956 2234 2189 2292 canales
2224 2233 2375 2293 fiant

361 2323 422 2378 et
465 2339 636 2379 nares
675 2323 886 2379 exeant
929 2320 1007 2377 ad
1051 2321 1249 2379 locum
1283 2322 1604 2395 patentem.
1678 2320 1889 2379 deinde
1922 2323 2163 2398 tegulae
2208 2322 2373 2399 bipe-

359 2408 524 2467 dales
580 2428 651 2467 ex
703 2428 822 2466 una
875 2411 1046 2485 parte
1103 2427 1282 2485 supra
1328 2400 1677 2490 marlginem
1722 2409 1946 2469 canalis
1990 2410 2373 2487 inponantur,
2394 2424 2487 2477 (15)

361 2517 431 2555 ex
477 2498 667 2555 altera
711 2500 881 2575 parte
925 2497 1250 2557 bessalibus
1297 2494 1685 2575 (laterculis)
1730 2500 1889 2573 pilae
1940 2498 2373 2575 substruantur‚
2402 2523 2459 2563 25

233 2616 238 2621 ·
355 2586 424 2644 in
469 2586 682 2661 quibus
727 2587 977 2645 duarum
1021 2587 1359 2663 tegularum
1404 2587 1612 2663 anguli
1656 2588 1856 2646 sedere
1897 2588 2143 2664 possint,
2190 2591 2250 2647 et
2284 2589 2374 2647 ita

359 2694 396 2733 a
440 2676 668 2751 pariete
715 2695 818 2734 eae
864 2676 1086 2734 distent
1130 2678 1198 2733 ut
1242 2694 1316 2733 ne
1353 2675 1487 2750 plus
1523 2678 1771 2750 pateant
1806 2677 2087 2751 paLmum.
2162 2676 2375 2737 deinde

355 2764 599 2840 insuper
654 2767 882 2823 erectae
934 2766 1293 2824 mammatae
1347 2764 1584 2840 tegulae
1640 2765 1714 2822 ab
1768 2765 1888 2823 imo
1944 2764 2021 2823 ad
2080 2784 2375 2824 summum

500 3010 535 3057 4
571 3004 655 3058 ita
687 3006 762 3059 G:
805 3021 904 3060 om.
935 3006 1002 3058 H
1005 3005 1061 3061 S.
1096 3007 1115 3075 ΙΙ
1153 3010 1183 3057 6
1222 3004 1500 3075 segmina:
1538 3004 1789 3075 tegmina
1816 3005 1897 3073 H,
1933 3005 2180 3060 tecmina
2211 3008 2327 3062 GS.
2362 3007 2370 3079 Ι

349 3082 479 3145 post
512 3074 763 3144 patietur
799 3078 862 3129 in
895 3078 1015 3145 ipso
1052 3084 1205 3131 textu
1236 3077 1286 3131 G
1323 3078 1457 3145 (non
1484 3075 1622 3145 HS)
1660 3077 1915 3147 lequntur
1951 3095 2088 3146 quae
2122 3078 2374 3132 rubricae

358 3147 488 3200 olim
541 3148 767 3211 fuerant
818 3146 980 3201 verba
1023 3148 1154 3202 haec
1199 3146 1489 3211 Quomodo
1543 3146 1782 3201 tectoria
1827 3146 1887 3199 in
1932 3147 2179 3202 humidis
2234 3147 2373 3203 locis

356 3216 514 3271 fiant.
543 3218 562 3286 ΙΙ
590 3221 622 3269 8
657 3215 976 3286 polutiones
1005 3217 1074 3271 H
1095 3217 1252 3287 (poli-
1288 3218 1436 3287 GS).
1466 3219 1485 3287 ΙΙ
1514 3223 1577 3270 11
1616 3216 1937 3272 trulissetur
1964 3217 2089 3272 HS.
2112 3218 2133 3341 Ι
2168 3224 2231 3271 12
2271 3235 2373 3273 eae

359 3287 460 3354 H:-
484 3288 589 3361 hee
618 3288 675 3355 S,
710 3286 817 3341 hae
849 3288 916 3343 G.
946 3290 965 3357 ΙΙ
996 3293 1058 3340 13
1099 3288 1277 3356 aliqui
1304 3289 1372 3342 H
1378 3288 1439 3345 S:
1490 3286 1695 3356 aliquis
1729 3289 1794 3344 G.
1824 3291 1841 3357 Ι]
1872 3294 1937 3341 16
1976 3306 2110 3343 conc
2136 3289 2230 3343 avi
2260 3291 2327 3346 G.
2356 3291 2375 3360 ΙΙ

352 3362 426 3409 ’17
443 3359 786 3425 perstructus
804 3358 865 3414 S:
885 3357 1212 3429 perstrictus
1230 3359 1370 3415 HG.
1401 3362 1419 3429 ΙΙ
1447 3365 1511 3412 21
1536 3358 1649 3429 de(i
1664 3358 1950 3430 S)rigatur
1962 3378 2016 3413 ω.
2040 3360 2058 3423 ΙΙ
2083 3365 2150 3411 23
2172 3363 2376 3415 exeant

365 3426 488 3480 GS:
527 3431 730 3483 exeunt
757 3430 834 3485 H.
880 3433 900 3499 ΙΙ
946 3436 1014 3483 24
1050 3430 1264 3483 canalis
1307 3431 1430 3486 GS:
1471 3429 1574 3482 -les
1615 3429 1691 3483 H.
1733 3432 1752 3499 ΙΙ
1793 3436 1861 3483 25
1897 3429 2183 3484 besalibus
2220 3430 2373 3499 pilae

357 3498 526 3617 oeflgfi
549 3514 604 3564 p.
636 3504 762 3568 125,
791 3503 897 3570 19).
953 3503 970 3571 ΙΙ
1026 3506 1092 3553 26
1142 3500 1363 3584 angulis
1404 3503 1491 3557 GC.
1538 3503 1557 3569 ΙΙ
1603 3506 1668 3553 27
1714 3500 1925 3556 distent
1966 3501 2109 3557 (3802
2158 3501 2375 3556 distant

479 3605 490 3615 .
525 3570 545 3633 ΙΙ
582 3574 647 3621 28
684 3574 1021 3625 mammatae
1051 3573 1266 3641 (le.):
1309 3574 1532 3626 amatae
1559 3573 1662 3645 (-te
1692 3573 1760 3641 S)
1790 3574 1858 3628 H
1862 3572 1920 3641 S,
1956 3573 2200 3645 ammate
2232 3574 2299 3629 G.
