2664 3927
821 202 918 257 DE
955 201 1519 260 ARCHITECTURA
1559 203 1689 258 LIB.
1730 202 1807 257 VI
2201 205 2319 268 131

185 365 283 416 (ιο)
303 353 673 413 dissimiliter
709 354 798 412 ait
832 372 1023 429 pauca
1059 353 1427 430 sapientibus
1469 353 1478 426 Ι
1517 355 1822 414 fortunam
1857 354 2137 430 tribuere,
2180 373 2331 431 quae

305 447 506 502 autem
551 442 812 502 maxima
860 444 920 501 et
964 443 1297 502 necessaria
1345 445 1513 517 sunt,
1565 443 1747 502 animi
1795 444 2129 518 mentisque
2176 445 2333 521 cogi-

304 531 636 591 tationibus
700 530 1035 608 gubernari.
1134 531 1282 590 haec
1344 532 1433 590 ita
1497 532 1680 590 etiam
1736 533 1939 608 plures
1994 531 2334 608 philosophi

304 621 595 679 dixerunt.
669 639 789 679 non
825 620 1024 679 minus
1061 624 1273 696 poetae
1303 623 1408 696 qui
1445 621 1725 697 antiquas
1758 621 2093 679 comoedias
2122 639 2331 698 graece

244 729 272 769 5
301 709 691 785 scripserunt,
757 708 994 767 easdem
1057 710 1383 768 sententias
1447 710 1714 769 versibus
1778 710 1844 768 in
1908 727 2122 769 scaena
2194 729 2329 785 pro·

186 808 280 862 (1⁶)
300 798 748 875 nuntiaverunt,
784 800 853 856 ut
879 798 1169 856 Eucrates
1200 797 1515 857 Chionides
1536 799 1987 875 AristophaneS‚
2028 794 2036 878 Ι
2077 798 2332 859 maxime

301 888 486 946 etiam
532 906 666 945 cum
710 885 803 944 his
849 885 1084 960 Alexis,
1141 887 1244 962 qui
1287 885 1680 946 Athenienses
1742 888 1830 947 ait
1880 891 2152 964 oportere
2197 887 2333 946 ideo

300 975 538 1034 laudari
594 975 755 1050 quod
811 974 1076 1034 omnium
1131 973 1491 1035 Graecorum
1556 977 1719 1053 leges
1774 979 1997 1054 cogunt
2053 979 2333 1054 parentes

300 1060 470 1142 (ali)
534 1082 571 1121 a
633 1063 864 1139 liberis,
928 1063 1387 1122 Atheniensium
1448 1082 1569 1122 non
1634 1083 1835 1124 omnes
1898 1066 2016 1125 nisi
2072 1085 2171 1126 eos
2230 1066 2334 1142 qui

215 1173 272 1212 ιο
299 1153 520 1212 liberos
574 1152 800 1211 artibus
856 1152 1202 1212 erudissent.
1296 1152 1497 1212 omnia
1553 1152 1712 1211 enim
1755 1173 2003 1213 munera
2058 1156 2333 1214 fortunae

302 1261 438 1300 cum
501 1241 720 1300 dantur
774 1241 848 1300 ab
904 1260 976 1300 ea
1037 1241 1299 1300 faciliter
1354 1241 1724 1317 adimuntur,
1790 1241 2137 1318 disciplinae
2192 1262 2333 1303 vero

187 1341 281 1392 (20)
303 1329 655 1389 coniunctae
701 1349 838 1390 cum
877 1325 888 1409 Ι
929 1329 1141 1390 animis
1186 1331 1355 1390 nullo
1400 1333 1667 1406 tempore
1705 1329 2007 1404 deficiunt,
2054 1332 2157 1390 sed
2201 1351 2332 1408 per-

301 1421 548 1478 manent
602 1419 901 1478 stabiliter
954 1419 1031 1478 ad
1086 1437 1387 1479 summum
1432 1419 1659 1478 exitum
1704 1419 1881 1478 vitae.
1973 1419 2179 1494 itaque
2224 1439 2334 1498 ego
2372 1436 2408 1483 4

300 1508 591 1566 maximas
637 1508 1022 1584 infinitasque
1065 1508 1413 1585 parentibus
1461 1526 1575 1585 ago
1623 1511 1809 1584 atque
1854 1507 2044 1567 habeo
2090 1509 2336 1586 gratiaS,

217 1615 271 1656 15
302 1597 465 1673 quod
509 1597 966 1656 Atheniensium
1010 1598 1204 1675 legem
1247 1597 1571 1674 probantes
1614 1615 1709 1656 me
1766 1599 1893 1656 arte
1950 1598 2337 1656 erudiendum

302 1689 677 1760 curaverunt,
724 1689 785 1746 et
830 1706 902 1745 ea
948 1705 1102 1762 quae
1146 1705 1266 1745 non
1310 1689 1512 1762 potest
1557 1705 1683 1745 esse
1720 1686 1973 1762 probata
2010 1686 2137 1745 sine
2172 1686 2336 1745 litte-

189 1785 283 1837 (25)
304 1777 512 1833 ratura
558 1775 940 1852 encyclioque
986 1776 1391 1834 doctrinarum
1430 1769 1439 1853 Ι
1481 1775 1747 1835 omnium
1792 1775 2123 1850 disciplina.
2204 1795 2336 1834 cum

305 1883 445 1940 ergo
492 1867 553 1922 et
597 1864 936 1939 parentium
983 1883 1123 1922 cura
1169 1867 1230 1923 et
1282 1867 1741 1940 praeceptorum
1796 1864 2081 1923 doctrinis
2129 1867 2335 1923 auctas

305 1951 586 2011 haberem
642 1953 842 2029 copias
899 1953 1377 2031 disciplinarum,
1434 1953 1755 2031 philologis
1820 1955 1881 2013 et
1938 1953 2336 2030 philotechnis

220 2062 276 2101 20
305 2040 481 2099 rebus
519 2041 1194 2118 commentariorumque
1233 2043 1545 2118 scripturis
1581 2061 1677 2101 me
1716 2042 2016 2102 delectans
2054 2062 2153 2102 eas
2200 2062 2333 2119 pos-

157 2139 282 2194 133
305 2131 594 2189 sessiones
624 2130 823 2189 animo
850 2131 1078 2206 paravi,
1108 2152 1138 2189 e
1167 2131 1383 2207 quibus
1409 2132 1556 2191 haec
1588 2124 1595 2214 Ι
1630 2135 1722 2191 est
1748 2133 2056 2191 fructuum
2084 2151 2332 2205 summa,

301 2220 500 2277 nullas
562 2220 698 2295 plus
761 2219 1019 2278 habendi
1077 2239 1203 2280 esse
1267 2221 1649 2281 necessitates
1705 2240 1956 2297 eamque
2015 2240 2139 2279 esse
2199 2240 2335 2297 pro-

299 2308 619 2384 prietatem
663 2308 1011 2367 divitiarum
1055 2309 1337 2386 maxime,
1384 2310 1534 2368 nihil
1579 2310 1930 2369 desiderare.
2022 2309 2124 2369 sed
2174 2311 2329 2368 forte

299 2398 573 2456 nonnulli
625 2399 772 2456 haec
825 2397 984 2456 levia
1037 2398 1369 2458 iudicantes
1423 2402 1645 2476 putant
1700 2418 1798 2459 eos
1846 2418 1972 2457 esse
2029 2398 2331 2474 sapientes

161 2497 290 2549 (5)25
303 2487 406 2562 qui
468 2486 722 2562 pecunia
786 2489 925 2545 sunt
980 2487 1218 2563 copiosi.
1319 2489 1528 2563 itaque
1582 2488 1853 2564 plerique
1912 2488 1989 2545 ad
2042 2487 2105 2546 id
2144 2482 2153 2566 Ι
2194 2507 2328 2564 pro-

300 2575 564 2651 positum
609 2576 1028 2635 contendentes
1077 2575 1326 2635 audacia
1373 2576 1641 2634 adhibita
1689 2594 1823 2634 cum
1868 2576 2096 2635 divitiis
2144 2576 2329 2635 etiam

302 2664 581 2723 notitiam
643 2668 786 2724 sunt
850 2663 1164 2724 consecuti.
1273 2683 1383 2741 ego
1450 2668 1675 2741 autem,
1741 2663 1985 2739 Caesar,
2058 2684 2178 2724 non
2253 2666 2329 2724 ad
2374 2680 2405 2725 5

303 2754 618 2829 pecuniam
679 2754 1012 2829 parandam
1076 2772 1146 2813 ex
1210 2756 1338 2811 arte
1402 2753 1539 2812 dedi
1603 2753 1891 2829 studium,
1972 2754 2074 2812 sed.
2136 2754 2339 2829 potius

303 2843 662 2901 tenuitatem
709 2862 842 2901 cum
888 2842 1044 2901 bona
1090 2843 1253 2901 fama
1299 2862 1484 2918 quam
1531 2842 1961 2901 abundantiam
2007 2862 2143 2901 cum
2187 2844 2338 2901 infa-

221 2951 278 2990 so
306 2931 432 2989 mia
495 2932 858 3008 sequendam
919 2931 1188 3007 probavi.
1297 2932 1433 2991 ideo
1498 2931 1740 2991 notities
1804 2950 2020 3007 parum
2084 2936 2175 2991 est
2239 2932 2337 2991 ad·

194 3032 284 3083 (10)
308 3024 528 3080 secuta.
603 3020 706 3079 sed
741 3024 946 3080 tamen
983 3021 1076 3079 his
1112 3012 1535 3102 volluminibus
1574 3020 1766 3095 editis,
1810 3023 1885 3079 ut
1920 3039 2110 3097 sper0‚
2158 3022 2341 3079 etiam

452 3215 478 3261 1
511 3208 596 3263 ait
623 3208 688 3265 S:
729 3211 829 3263 aut
858 3208 927 3263 H
932 3208 1066 3264 EG.
1095 3210 1114 3278 ΙΙ
1142 3212 1174 3260 3
1203 3207 1380 3263 etiam
1406 3208 1622 3277 plures:
1660 3224 1785 3262 esse
1814 3207 2001 3277 plures
2030 3208 2204 3262 etiam
2234 3207 2288 3262 S.
2319 3210 2337 3277 ’ξ

307 3285 338 3333 6
378 3282 660 3335 eucrates:
707 3283 788 3335 sic
825 3283 953 3351 (pro
990 3278 1076 3333 Eu
1098 3322 1109 3334 .
1135 3324 1146 3335 .
1171 3323 1182 3333 .
1205 3278 1420 3349 Crates)
1457 3297 1512 3334 x.
1540 3282 1559 3348 ΙΙ
1588 3284 1618 3331 9
1660 3279 1738 3332 ali
1774 3296 1873 3335 om.
1903 3297 1958 3335 x.
2000 3281 2019 3349 11
2065 3285 2127 3331 11
2168 3277 2335 3331 facile

309 3352 364 3406 S.
394 3354 414 3420 11
443 3357 510 3405 16
529 3350 886 3405 litteraturae
905 3354 982 3423 (ἢ
1003 3350 1205 3420 EGS)
1224 3368 1278 3405 ω.
1308 3352 1327 3420 ΙΙ
1359 3356 1423 3404 18
1441 3349 1760 3419 parentium
1781 3352 1843 3404 H
1854 3351 1931 3406 G:
1954 3353 2039 3403 -tu
2055 3349 2301 3418 ES(G⁶).
2324 3351 2341 3420 Η

313 3427 378 3475 19
417 3421 817 3492 philotechinis
855 3440 910 3476 ω.
958 3424 978 3492 ΙΙ
1022 3428 1089 3475 22
1127 3420 1314 3475 nullas
1346 3422 1492 3477 EG:
1530 3420 1690 3475 nulla
1719 3420 1788 3475 H
1792 3421 1845 3477 S.
1896 3423 1917 3490 11
1969 3426 2039 3473 24
2073 3422 2339 3489 putantes

311 3508 378 3547 eo
411 3496 421 3564 1
456 3508 575 3547 esse
605 3493 684 3561 H,
719 3495 986 3562 putantes
1025 3510 1118 3547 eos
1156 3510 1277 3548 esse
1307 3494 1369 3547 E
1379 3494 1448 3560 G,
1482 3494 1690 3561 putant
1717 3508 1811 3547 eos
1838 3494 2063 3545 tantum
2092 3508 2213 3546 esse
2246 3493 2301 3547 S.
2322 3493 2341 3563 {1

311 3568 382 3617 30
407 3563 667 3619 notities:
697 3567 777 3619 sic
807 3566 966 3634 (qen.)
994 3583 1034 3620 x
1063 3566 1132 3633 cf.
1162 3567 1252 3621 ad.
1275 3582 1332 3635 p.
1356 3568 1489 3633 233,
1503 3569 1591 3619 21.
1626 3565 1633 3635 Ι
1668 3564 1961 3617 adsecuta:
1991 3564 2129 3634 efip.
2151 3567 2337 3631 63,18.

1992 3652 2018 3682 t

1948 3657 1979 3705 9
