2664 3927
354 160 434 215 VI

357 313 423 369 in
479 310 668 369 codice
711 310 1039 369 Harleiano
1092 326 1250 368 nunc
1300 309 1535 368 initium
1588 309 1775 367 solum
1820 313 1974 368 extat
2016 311 2089 368 ab
2144 310 2377 369 altera

355 416 567 457 manu
622 399 1004 471 adscriptum,
1072 415 1141 457 ex
1191 399 1410 471 inteyro
1466 401 1601 456 tunc
1654 397 1841 457 codice
1890 415 2007 457 uno
2072 402 2261 457 tenore
2324 402 2379 457 et

359 488 434 546 ab
479 488 618 560 ipsa
673 487 926 546 Vitruvii
977 488 1132 558 finiti
1175 504 1359 545 manu
1404 486 1749 560 descriptam
1783 488 2026 559 praebet
2066 487 2376 546 Leidmsis

358 574 426 648 (f.
465 576 794 644 105⁶—6⁶‚
839 577 973 633 item
1007 575 1434 633 Escorialensis
1476 576 1520 647 f.
1559 576 1810 633 84-86
1846 576 1916 647 cf.
1954 574 2200 644 Haenel,
2246 573 2376 637 Cat.-

356 664 497 724 Mst.
526 682 593 739 p.
630 663 777 738 958)
835 666 1004 736 atque
1059 664 1255 722 eadem
1309 666 1574 736 excerpta
1626 664 1708 723 ad
1759 664 1938 736 finem
1982 665 2155 723 etiam
2200 668 2376 723 aucta

355 755 556 827 repetit
605 751 1036 812 Scletstatensis.
1137 755 1338 810 contra
1389 751 1741 811 Pithoeanus
1799 752 1960 826 (item
2021 754 2121 825 qui
2180 770 2247 811 eoe
2312 770 2377 811 eo

367 840 714 914 Vaticanus)
787 842 914 900 sine
972 840 1204 899 nomme
1265 842 1519 899 auctoris
1594 840 1854 900 Vitruvio
1919 842 2083 913 finito
2147 841 2379 901 addidit

353 930 746 988 Faventinum
799 928 928 1002 (qui
987 932 1040 987 et
1086 929 1212 1001 ipse
1267 929 1627 988 bibliothecae
1670 925 1989 1003 Anyiensis
2042 932 2199 989 testis
2265 934 2383 989 est:¹

352 1017 574 1077 Becker
609 1020 704 1085 10,
731 1017 821 1092 2).
917 1015 1268 1077 Pithoecmus
1321 1018 1551 1091 quidem
1603 1019 1863 1077 onmium
1919 1021 2020 1091 qui
2075 1035 2143 1077 eoe
2186 1017 2260 1076 H
2310 1022 2381 1077 ut

355 1108 796 1179 antiquissimus
845 1106 962 1178 fuit
1011 1107 1097 1165 ita
1147 1106 1563 1178 feracissimus.
1651 1124 1794 1165 nam
1848 1123 1916 1165 ex
1962 1124 2023 1166 eo
2077 1110 2378 1180 fluxerunt

356 1199 409 1254 et
448 1196 503 1253 is
548 1195 626 1254 ad
670 1196 1164 1269 quempertinent
1206 1196 1310 1253 blc
1348 1195 1429 1268 (et
1472 1196 1572 1268 qui
1617 1211 1684 1253 ex
1720 1212 1765 1263 c,
1812 1194 1849 1252 h
1898 1199 1948 1253 et
1981 1196 2067 1271 m)
2118 1200 2171 1255 et
2215 1196 2379 1255 Vati-

355 1301 538 1343 canus
599 1301 646 1343 s.
702 1283 830 1352 XI,
904 1285 1070 1342 cuius
1137 1285 1365 1357 inteyra
1433 1299 1592 1342 nunc
1661 1285 1748 1341 uti
1820 1282 1981 1341 licuit
2049 1287 2380 1358 scriptume

355 1373 652 1433 collatione
706 1373 780 1431 ab
824 1367 1090 1445 Auqusto
1148 1371 1482 1430 Wilmamns
1535 1372 1673 1430 olim
1725 1372 1959 1444 facta*,
2022 1375 2075 1430 et
2118 1365 2218 1452 (eat
2264 1389 2379 1445 quo

355 1462 716 1521 Parisiensis
752 1462 898 1520 alter
920 1459 998 1533 p)
1024 1459 1090 1517 F
1082 1460 1485 1519 raneheranus
1522 1457 1650 1532 (qui
1682 1476 1841 1517 nunc
1878 1463 1960 1517 est
1983 1459 2379 1520 Lewwardiae

353 1552 419 1609 in
475 1551 808 1610 bibliotheca
859 1548 1098 1607 Frisiae
1139 1548 1496 1621 provinciali
1549 1564 1642 1607 no.
1682 1547 1787 1622 51)
1846 1548 1985 1607 belle
2039 1552 2090 1607 et
2143 1551 2381 1622 antique

354 1641 608 1712 scriptus
641 1654 788 1697 saec.
829 1636 894 1694 X
899 1631 927 1669 2
963 1640 1134 1709 atque
1167 1635 1555 1696 Scletstatensi
1588 1638 1643 1695 si
1675 1652 1797 1695 non
1832 1638 2185 1705 auctoritate,
2233 1640 2383 1696 certe

355 1731 539 1786 aetate
583 1726 916 1799 oomparst‘*
999 1725 1304 1784 Pithoeani
1350 1729 1543 1784 autem
1575 1729 1817 1798 praeter
1856 1742 1988 1784 mea
2031 1743 2189 1785 nunc
2230 1744 2381 1785 usus

353 1832 485 1873 sum
527 1816 754 1888 inteyra
797 1813 1080 1873 librorum
1122 1814 1170 1872 I
1207 1817 1260 1873 et
1304 1813 1372 1872 X
1412 1815 1709 1873 collatione
1754 1830 1794 1872 a
1826 1813 2130 1874 Friderico
2166 1814 2379 1874 Haase

356 1901 423 1979 (†
478 1902 664 1976 1867)
721 1902 1036 1976 exemplari
1091 1902 1357 1961 editionis
1415 1902 1876 1961 Tanchnitsianae
1931 1900 2125 1977 (Lips.
2184 1903 2377 1979 1836)

342 1993 578 2067 pridem
624 1992 933 2066 adscripta.

489 2078 780 2154 Antiquos
833 2083 1012 2155 iqitur
1055 2097 1198 2154 quos
1251 2097 1549 2154 superesse
1591 2081 1805 2140 scimus
1861 2080 2114 2141 Vitrwoii
2162 2083 2380 2141 codices

357 2171 422 2229 id
486 2173 568 2229 est
621 2173 755 2229 ante
808 2186 954 2228 saec.
995 2168 1143 2228 XII
1180 2172 1450 2243 scriptos,
1512 2171 1638 2242 ipse
1694 2170 1818 2228 vidi
1869 2187 2064 2229 onmes
2123 2168 2381 2243 (praeter

371 2259 745 2327 Vaticanum,
807 2259 877 2318 de
922 2275 1031 2331 quo
1075 2275 1287 2332 supra,
1350 2262 1403 2316 et
1443 2258 1934 2356 {Escorialensem,
1990 2259 2061 2318 de
2104 2275 2213 2331 quo
2258 2259 2377 2318 vid.

359 2445 790 2499 architectonicis
825 2445 1117 2512 destinata,
1159 2460 1355 2498 rursus
1383 2445 1545 2513 prior
1580 2461 1777 2500 manus
1810 2445 2030 2514 scripsit
2069 2450 2377 2513 excerptum
2448 2499 2451 2502 ,

362 2533 429 2570 ex
468 2514 711 2570 Vimvii
747 2515 884 2570 libro
919 2515 1034 2568 III
1053 2516 1144 2581 (cf.
1184 2515 1246 2569 V.
1275 2514 1507 2570 Mortet:
1544 2515 1694 2570 Bibl.
1737 2516 1801 2570 de
1840 2517 1946 2570 l’.e‘c
1986 2516 2077 2570 des
2112 2515 2381 2570 ch.1896

348 2604 408 2656 Ρ.
444 2589 576 2654 289,
621 2585 805 2640 Revue
849 2586 914 2640 de
951 2586 1090 2655 phil.
1132 2589 1279 2640 1898
1308 2602 1370 2654 Ρ.
1410 2589 1499 2653 34,
1544 2587 1762 2656 aliaque
1804 2592 2043 2642 veterum
2090 2592 2379 2641 auctorum

355 2659 662 2729 fraqmenta
700 2673 803 2726 per
845 2657 1063 2712 saecula
1090 2657 1189 2710 IX
1210 2663 1262 2711 et
1288 2657 1352 2711 X
1392 2657 1732 2711 celeberrima
1773 2673 2034 2726 saepeque
2078 2657 2263 2724 obvia,
2301 2658 2381 2712 ad

355 2729 629 2798 Mappam
669 2745 783 2782 non
819 2728 1174 2797 pertinentia.
1254 2730 1499 2797 sequitur
1542 2729 1718 2782 altera
1760 2728 2159 2796 Excerptorum
2212 2729 2379 2783 series

359 2802 450 2867 (m.
476 2803 539 2867 2)
567 2815 735 2868 usque
770 2799 846 2854 ad
872 2797 1248 2854 Faventinum
1276 2801 1367 2865 (m.
1398 2801 1475 2866 1)
1505 2830 1574 2838 —
1602 2799 1794 2853 deinde
1830 2799 2053 2853 altera
2087 2800 2376 2855 eiusdem

355 2871 717 2925 voluminis
762 2876 985 2939 parte,
1039 2871 1156 2924 sine
1197 2871 1417 2923 nomine
1469 2869 1676 2939 Incipit
1736 2869 2001 2939 prologus
2057 2869 2127 2924 de
2192 2869 2374 2924 arohi-

356 2941 600 3008 tectam-,a
644 2957 750 3008 quo
784 2941 943 3008 finito
978 2942 1156 3009 ipsius
1202 2941 1447 2995 Vitruvii
1480 2958 1673 2996 nomen
1706 2957 1818 2994 uno
1856 2940 1968 2994 loco
2005 2947 2275 3011 comparet
2309 2943 2379 2996 in

355 3012 580 3066 rubrica
614 3011 741 3065 libri
769 3012 943 3080 primi
981 3012 1080 3079 (ad
1097 3027 1157 3079 p.
1191 3013 1389 3079 2,17).
1464 3012 1605 3066 hanc
1630 3017 1847 3080 partem
1882 3012 1987 3066 alii
2022 3027 2115 3066 sex
2153 3013 2377 3067 librarii

355 3083 464 3137 scri
530 3088 701 3136 erunt.

457 3098 558 3220 ΡΞ)
605 3154 656 3206 is
701 3153 894 3220 codex,
929 3159 1158 3222 propter
1201 3155 1433 3207 nitorem
1476 3153 1590 3207 scil.
1637 3153 1989 3222 exemplaris,
2023 3154 2209 3208 multis
2246 3155 2381 3209 locis

357 3224 522 3278 verba
567 3225 807 3278 auctoris
850 3225 1080 3278 obscura
1114 3225 1177 3276 in
1213 3225 1337 3278 albo
1374 3224 1575 3290 omisit,
1608 3224 1753 3278 velut
1785 3225 2178 3292 „“liacolorum
2217 3225 2380 3292 illud,

355 3294 422 3348 de
457 3310 561 3363 quo
598 3294 763 3360 Nohl,
797 3294 925 3348 Ind.
963 3294 1102 3348 Vim&
1125 3293 1240 3362 prf.
1271 3307 1332 3362 p.
1363 3293 1565 3360 111(ef.
1595 3311 1655 3363 p.
1690 3297 1803 3362 72).

500 3363 588 3428 **)
624 3365 770 3418 hunc
806 3366 880 3419 ad
916 3365 1285 3420 bibliothecam
1311 3365 1715 3420 Berolinensem
1749 3367 1972 3420 missum
2005 3367 2227 3434 inspexi
2259 3367 2380 3435 ipse

356 3452 426 3488 m.
467 3434 620 3488 Iulio
657 3438 817 3488 1898.
889 3436 1036 3490 unde
1079 3438 1307 3506 coqnovi
1350 3453 1418 3490 ex
1462 3451 1521 3490 eo
1564 3437 1685 3505 ipso
1730 3438 2061 3506 descriptum
2103 3437 2273 3503 fuisse
2310 3454 2381 3506 p,

359 3505 506 3558 alius
543 3510 721 3558 autem
755 3521 985 3576 suaeque
1019 3523 1088 3560 eoe
1127 3509 1182 3560 P
1214 3508 1448 3577 oriqinis
1484 3523 1591 3561 esse
1626 3524 1674 3562 v.
