2664 3927
247 310 302 365 11

257 1283 289 1331 2

326 151 470 214 222·
1169 149 1503 204 ἮΤΒΠἮΙ

459 301 716 361 Berosus
765 300 869 376 qui
915 301 990 359 ab
1031 299 1462 360 Chaldaeorum
1497 299 1742 359 civitate
1780 301 1905 358 sive
1940 300 2183 359 natione
2219 315 2357 374 pro-

329 408 564 467 gressus
626 391 690 448 in
743 390 892 449 Asia
947 390 1130 448 etiam
1184 389 1563 465 disciplinam
1618 388 1999 448 Chaldaicam
2052 388 2357 464 patefecit,

328 479 422 537 ita
476 481 568 538 est
615 480 915 555 professus
960 479 1148 554 pilam
1193 496 1318 537 esse
1366 497 1436 537 ex
1482 478 1729 536 dimidia
1772 481 1944 553 parte
1991 477 2359 551 candentem,

323 568 556 643 reliqua
598 564 608 647 Ι
645 567 860 626 habere
920 568 1188 626 caeruleo
1244 568 1455 626 colore.
1538 586 1672 628 cum
1718 570 1920 625 autem
1964 585 2200 624 cursum
2242 565 2343 624 iti-
2365 577 2467 628 (25)

330 659 488 716 neris
554 657 648 716 sui
708 675 998 734 peragens
1063 655 1310 715 subierit
1375 655 1481 715 sub
1538 655 1740 714 orbem
1792 656 1963 730 solis,
2025 658 2169 714 tunc
2223 673 2357 712 eam
2384 673 2412 714 5

331 745 514 806 radiis
585 749 648 804 et
707 746 936 820 impetu
999 745 1214 804 caloris
1277 745 1497 820 corripi
1560 745 1945 820 convertique
2008 744 2358 803 candentem

331 838 578 909 propter
623 834 748 892 eius
793 834 1219 910 proprietatem
1264 834 1506 893 luminis
1554 833 1631 892 ad
1674 833 1893 892 lumen.
1974 851 2107 892 cum
2154 833 2357 890 autem

329 926 579 981 evocata
631 922 710 981 ab
764 923 907 982 solis
963 921 1091 982 orbi
1145 922 1453 998 superiora
1510 925 1761 998 spectet,
1816 925 1959 981 tunc
2014 921 2356 980 inferiorem
2402 978 2411 982 -

325 1014 560 1086 partem
615 1012 744 1070 eius
800 1011 962 1087 quod
1016 1011 1271 1071 candens
1314 1007 1322 1090 Ι
1363 1030 1482 1070 11011
1537 1012 1617 1070 sit
1660 1014 1905 1087 propter
1950 1011 2103 1069 aeris
2148 1009 2509 1075 simili-225.

327 1100 596 1158 tudinem
650 1100 964 1160 obscuram
1019 1100 1224 1160 videri.
1317 1119 1453 1159 cum
1507 1100 1583 1158 ad
1626 1099 2112 1176 perpendiculum
2158 1117 2231 1157 ea
2274 1099 2357 1157 sit
2383 1121 2443 1159 10

329 1189 405 1248 ad
452 1190 578 1247 eius
622 1189 820 1249 radios
833 1234 850 1264 ,
894 1193 1093 1249 totum
1136 1191 1339 1248 lumen
1387 1189 1463 1248 ad
1508 1189 1871 1264 superiorem
1916 1188 2172 1264 speciem
2214 1187 2355 1247 reti·

330 1279 461 1336 neri
507 1281 568 1338 et
611 1281 753 1338 tunc
799 1299 930 1337 eam
975 1280 1176 1339 vocari
1219 1279 1492 1355 primam.
1580 1295 1718 1336 cum
1760 1277 2125 1353 praeteriens
2171 1275 2359 1335 vadat

326 1367 404 1426 ad
457 1369 700 1427 orientis
754 1368 904 1426 caeli
955 1372 1184 1443 parteS,
1235 1368 1491 1426 relaxari
1548 1366 1621 1426 ab
1671 1360 1919 1448 imlpetu
1964 1365 2107 1425 solis
2154 1369 2342 1424 extre-
2370 1377 2437 1428 (5)

324 1475 601 1532 mamque
648 1458 776 1516 eius
821 1460 1055 1533 partem
1100 1456 1451 1515 candentiae
1498 1456 1715 1532 oppido
1763 1473 1943 1531 quam
1988 1454 2159 1514 tenui
2194 1455 2355 1512 linea

329 1545 404 1603 ad
449 1549 672 1604 terram
716 1546 956 1604 mittere
1002 1546 1376 1621 splendorem
1423 1547 1482 1603 et
1527 1546 1617 1603 ita
1653 1565 1723 1603 ex
1760 1563 1829 1603 eo
1867 1563 2001 1603 eam
2036 1543 2355 1602 secundam
2382 1563 2443 1604 15

325 1635 541 1693 vocari.
653 1635 951 1693 cotidiana
1025 1637 1225 1692 autem
1287 1634 1642 1694 versationis
1705 1634 2049 1693 remissione
2110 1632 2357 1692 tertiam

328 1726 605 1798 quartam
650 1723 714 1780 in
760 1723 885 1782 dies
931 1725 1248 1782 numerari.
1322 1723 1576 1798 septimo
1623 1723 1717 1782 die
1762 1717 1983 1801 (cum)
2028 1723 2116 1780 sol
2162 1722 2241 1780 sit
2278 1721 2356 1779 ad

327 1811 710 1888 occidentem,
755 1812 902 1870 luna
947 1815 1148 1870 autem
1192 1813 1352 1871 inter
1396 1812 1685 1871 orientem
1732 1814 1793 1870 et
1833 1811 2197 1870 occidentem
2231 1829 2353 1868 me·

330 1893 474 1983 {dias
529 1901 679 1960 caeli
732 1903 938 1960 teneat
989 1902 1287 1979 regioneS,
1344 1901 1504 1978 quod
1558 1900 1868 1959 dimidiam
1918 1903 2156 1977 partem
2200 1899 2352 1957 caeli
2370 1910 2465 1962 (10)

325 1989 522 2065 spatio
569 1990 752 2049 distet
797 2009 834 2049 a
880 1992 1022 2065 sole,
1066 1992 1212 2050 item
1257 1992 1567 2050 dimidiam
1612 1990 1961 2050 candentiae
2008 2006 2352 2049 conversam
2381 2010 2435 2049 20

323 2077 541 2136 habere
587 2080 662 2137 ad
708 2082 948 2139 terram.
1020 2080 1178 2138 inter
1223 2081 1408 2140 solem
1451 2098 1593 2139 vero
1639 2082 1701 2137 et
1743 2080 1950 2137 lunam
1994 2098 2131 2137 cum
2170 2078 2353 2136 distet

323 2170 520 2225 totum
573 2169 780 2226 mundi
833 2169 1096 2244 spatium
1151 2172 1212 2227 et
1266 2170 1443 2227 lunae
1502 2169 1717 2228 orienti
1772 2170 1861 2227 sol
1915 2172 2083 2227 trans
2144 2170 2353 2226 contra

229 2259 234 2265 '
325 2256 405 2314 sit
451 2256 528 2314 ad
575 2257 964 2332 occidentem,
1009 2275 1142 2315 eam
1187 2277 1304 2333 quo
1350 2258 1587 2335 longius
1634 2257 1792 2316 absit
1836 2276 1873 2315 a
1916 2256 2101 2315 radiis
2145 2256 2349 2313 remis-

325 2364 472 2419 sam,
515 2364 653 2403 xim
689 2346 784 2404 die
827 2340 834 2425 Ι
875 2348 1055 2422 plena
1087 2350 1223 2406 rota
1257 2348 1443 2405 totius
1482 2346 1640 2405 orbis
1677 2347 1914 2404 mittere
1952 2344 2344 2421 splendorem,
2364 2356 2457 2409 (15)

323 2434 700 2510 reliquosque
774 2434 898 2493 dies
962 2435 1359 2495 decrescentia
1423 2434 1725 2493 cotidiana
1788 2436 1863 2493 ad
1924 2435 2348 2510 perfectionem
2380 2450 2439 2495 25·

324 2523 553 2582 lunaris
590 2524 808 2582 mensis
845 2524 1284 2583 versationibus
1322 2528 1385 2583 et
1421 2542 1602 2583 cursu
1638 2542 1675 2581 a
1712 2525 1835 2582 sole
1869 2521 2349 2582 revocationibus

327 2611 520 2670 subire
568 2612 677 2671 sub
723 2615 920 2672 rotam
963 2613 1280 2689 radiosque
1327 2614 1471 2687 01113,
1518 2617 1577 2671 et
1621 2613 1711 2671 ita
1747 2615 2079 2671 menstruas
2117 2611 2348 2669 dierum

325 2700 554 2759 efficere
596 2702 877 2761 rationeS.
1316 2706 1320 2710 ’
2418 2702 2423 2707 ’

467 2860 498 2911 2
529 2853 652 2907 asia
679 2854 764 2910 H:
805 2853 984 2908 asiam
1012 2856 1129 2923 (sic)
1157 2853 1274 2908 EG
1291 2853 1345 2907 S.
1380 2855 1389 2922 Ι
1423 2852 1719 2907 chaldaica
1748 2854 1809 2909 S:
1848 2850 2238 2907 chaldaeicam
2265 2851 2349 2917 H,

325 2942 636 2995 caldeicam
663 2945 744 3010 (-a
774 2942 847 3011 G)
874 2942 1012 2997 EG.
1042 2944 1061 3012 ΙΙ
1089 2947 1120 2995 5
1151 2942 1365 2995 subiret
1390 2960 1446 2997 ω.
1475 2945 1493 3012 ΙΙ
1523 2947 1552 2995 7
1584 2946 1652 2995 οῦ
1689 2946 1763 2995 afi
1792 2944 1913 3010 (aut
1942 2941 2016 3005 G)
2047 2956 2117 2993 ea
2142 2940 2350 2993 vocata

325 3012 399 3066 ad
437 3012 571 3067 solis
609 3013 760 3067 orbis
797 3013 1086 3081 superiora
1123 3015 1379 3082 spectent
1404 3032 1458 3067 x.
1488 3016 1507 3081 ΙΙ
1537 3018 1603 3066 10
1641 3030 1708 3067 ea
1746 3012 1844 3067 sit:
1885 3013 2032 3067 esset
2070 3013 2189 3081 (est
2218 3010 2347 3079 ἅδ’)

321 3102 378 3138 x.
407 3087 426 3152 ΙΙ
458 3090 523 3136 14
561 3084 769 3153 oppido
807 3091 1091 3151 quaquam
1120 3085 1218 3153 (H,
1248 3090 1533 3152 quamqua
1561 3084 1617 3151 S,
1654 3090 1879 3152 quaqua
1906 3084 2049 3153 EG)
2077 3100 2133 3137 ω.
2168 3084 2178 3155 Ι
2207 3080 2350 3135 linia

324 3154 400 3209 H.
450 3157 468 3225 ΙΙ
515 3161 580 3208 17
619 3172 746 3209 cum
781 3171 882 3209 om.
919 3171 975 3209 x.
1031 3158 1050 3223 ΙΙ
1106 3160 1171 3207 18
1207 3154 1346 3208 luna.
1372 3186 1442 3196 —
1471 3154 1818 3209 occidentem
1845 3154 1993 3210 EG:
2032 3171 2134 3210 om.
2165 3152 2291 3207 HS.
2328 3152 2350 3225 ΙΙ

327 3230 392 3277 19
442 3225 681 3279 dimidia
723 3228 886 3295 parte
925 3244 980 3279 x.
1036 3227 1056 3295 ΙΙ
1110 3231 1178 3278 20
1224 3225 1464 3280 distaret
1508 3226 1627 3295 (-r&
1665 3226 1805 3294 HS)
1840 3244 1895 3279 x.
1956 3228 1964 3295 Ι
2026 3224 2263 3278 dimidia
2306 3240 2349 3278 x

326 3297 464 3361 (-am
492 3297 594 3366 E).
651 3299 669 3365 ΙΙ
723 3302 789 3350 22
834 3295 1036 3349 orienti
1075 3296 1157 3351 E:
1206 3296 1306 3350 -tis
1343 3298 1533 3353 ΗΒΘ.
1595 3298 1603 3370 Ι
1664 3296 1747 3351 301
1794 3299 1950 3351 trans
1997 3302 2066 3350 01“1
2102 3299 2253 3367 (cum
2280 3294 2349 3365 S)

323 3366 532 3420 transit
567 3368 701 3422 HS:
751 3367 835 3420 301
873 3371 942 3419 οὗ.
977 3367 1185 3420 transit
1221 3370 1331 3437 (sed
1368 3374 1436 3422 οῑι
1473 3370 1538 3423 in
1571 3371 1704 3438 rae.)
1744 3369 1815 3435 G,
1854 3366 1939 3422 sol
1972 3366 2183 3421 transit
2217 3366 2291 3419 Ε.
2328 3366 2351 3439 ΙΙ

329 3438 397 3483 23
434 3436 586 3489 absit
612 3438 762 3493 EG:
803 3436 943 3491 arsit
978 3436 1107 3491 HS.
1135 3439 1154 3507 ΙΙ
1182 3443 1247 3491 27
1286 3441 1345 3493 et
1380 3439 1489 3495 ita:
1529 3439 1633 3493 &ia
1670 3440 1825 3509 (HS,
1864 3439 2027 3493 &iam
2061 3439 2137 3507 E,
2174 3436 2349 3492 etiam

333 3500 405 3567 G)
440 3520 480 3555 ,τ
517 3507 673 3571 (corr.
709 3508 1044 3577 Oehmichen)
1083 3510 1153 3575 cf.
1175 3527 1234 3577 p.
1262 3514 1392 3577 226,
1409 3514 1500 3567 20.
1590 3558 1594 3563 .
