2664 3927
307 159 442 223 242
1155 155 1485 210 VITRUVH

309 329 442 369 rum
468 311 766 382 naturam,
792 302 990 386 <quae
1018 303 1124 386 ni>
1150 307 1491 365 machinata
1517 307 1910 381 versarentur,
1938 324 2056 364 non
2076 305 2325 365 habuis·

315 417 511 458 semus
570 397 869 456 interdum
926 398 1120 455 lucem
1177 415 1284 454 nec
1336 396 1642 454 fructuum
1693 395 2087 454 maturitates.
2188 413 2327 453 cum

314 506 454 565 ergo
516 487 769 546 maiores
831 486 978 544 haec
1040 485 1128 543 ita
1191 503 1315 544 esse
1380 475 1978 566 anilmadvertissent‚
2042 503 2073 542 e
2126 502 2327 542 rerum
2346 495 2419 549 (5)

311 580 528 635 natura
574 577 957 650 sumpserunt
1003 573 1270 649 exempla
1318 575 1379 631 et
1423 592 1495 632 ea
1538 574 1842 631 imitantes
1886 571 2115 630 inducti
2149 571 2351 630 rebus·

312 665 528 724 divinis
584 663 917 722 commodas
963 663 1124 722 vitae
1168 662 1542 738 perfecerunt
1588 662 2027 737 explicationes.
2117 661 2327 735 itaque
2357 682 2385 722 5

313 754 831 829 comparaverunt,
893 753 965 809 ut
1028 754 1222 810 essent
1285 750 1676 826 expeditiora,
1740 750 1861 808 alia
1922 749 2209 808 machinis
2266 751 2329 807 et

313 861 520 902 earum
571 839 1004 900 versationibus
1017 884 1033 913 ,
1087 840 1376 899 nonnulla
1431 840 1695 916 organis,
1752 841 1812 897 et
1866 838 1954 896 ita
2000 857 2152 914 quae
2200 837 2325 896 ani-

311 931 756 989 madverterunt
809 929 887 987 ad
939 947 1114 987 usum
1167 928 1347 987 utilia
1402 946 1528 987 esse
1574 926 1787 987 studiis
1844 928 2067 985 artium
2106 919 2115 1008 Ι
2154 926 2325 985 insti·
2346 937 2447 992 (ιο)

243 1035 276 1082 5
312 1019 479 1093 tutis,
523 1017 822 1096 gradatim
867 1017 1140 1094 augenda
1185 1017 1467 1076 doctrinis
1506 1018 1874 1077 curaverunt.
1950 1015 2326 1074 attendamus

315 1107 472 1167 enim
514 1108 776 1183 primum
819 1106 1132 1167 inventum
1176 1104 1247 1164 de
1283 1105 1653 1180 necessitate,
1697 1108 1770 1163 ut
1805 1105 2078 1178 vestitus,
2125 1123 2326 1179 quem·
2356 1127 2419 1165 ιο

314 1194 630 1255 admodum
699 1196 958 1254 telarum
1031 1194 1324 1272 organicis
1390 1193 2005 1253 administrationibus
2072 1210 2327 1252 conexus

314 1283 585 1345 staminis
631 1285 708 1343 ad
754 1284 1063 1343 subtemen
1107 1301 1227 1342 non
1270 1283 1445 1343 modo
1492 1300 1741 1358 corpora
1784 1280 2040 1360 tegendo
2084 1283 2329 1340 tueatur

313 1373 418 1434 sed
462 1375 646 1433 etiam
691 1376 934 1433 ornatus
983 1372 1204 1431 adiciat
1246 1373 1635 1431 honestatem.
1709 1371 1825 1430 cibi
1870 1389 2010 1430 vero
2056 1390 2175 1430 non
2219 1371 2325 1428 ha-

312 1454 662 1545 buislsemus
707 1461 1155 1535 abundantiam,
1199 1461 1315 1519 nisi
1361 1461 1503 1537 iuga
1549 1463 1609 1520 et
1646 1462 1847 1518 aratra
1882 1459 2060 1518 bulus
2096 1459 2326 1517 iumen·
2346 1469 2444 1525 (15)

312 1553 510 1627 tisque
557 1551 828 1610 omnibus
876 1552 1070 1608 essent
1105 1549 1365 1608 inventa.
1440 1550 1895 1624 sucularumque
1932 1552 1993 1608 et
2028 1549 2329 1625 prelorum
2356 1569 2415 1611 15

315 1645 376 1700 et
428 1639 686 1699 vectium
739 1639 790 1698 si
845 1658 964 1698 non
1015 1638 1230 1696 fuisset
1283 1637 1619 1696 torculariis
1672 1637 2051 1714 praeparatio
2066 1683 2081 1712 ,
2135 1655 2325 1711 neque

315 1730 432 1790 olei
475 1729 730 1787 nitorem
773 1746 965 1802 neque
1010 1726 1224 1785 vitium
1258 1727 1525 1785 fructum
1559 1725 1775 1785 habere
1810 1728 2211 1802 potuissemus
2248 1725 2325 1782 ad

312 1817 772 1890 iucunditatem,
824 1815 1308 1892 portationesque
1365 1834 1567 1874 eorum
1619 1834 1738 1873 non
1794 1818 1990 1874 essent
2036 1815 2152 1874 nisi
2196 1814 2323 1890 plo-

315 1909 572 1965 strorum
609 1899 619 1983 Ι
661 1923 763 1965 seu
834 1922 1199 1965 serracorum
1260 1923 1369 1981 per
1428 1907 1676 1978 terram,
1748 1904 2157 1963 navicularum
2218 1922 2327 1979 per
2348 1914 2443 1969 (20)

245 2011 278 2058 6
315 2014 536 2070 aquam
596 1995 873 2053 inventae
938 1997 1132 2053 essent
1193 1993 1675 2052 machinationes.
1764 1992 2130 2051 trutinarum
2188 2010 2327 2051 vero
2357 2016 2413 2055 πο

315 2084 718 2157 librarumque
754 2082 1110 2158 ponderibus
1148 2082 1505 2141 examinatio
1540 2084 1777 2158 reperta
1802 2082 2067 2141 vindicat
2103 2081 2179 2139 ab
2215 2080 2328 2139 im‘-

317 2172 548 2249 quitate
593 2171 768 2230 iustis
814 2170 1077 2229 moribus
1105 2169 1310 2229 vitam.
1382 2191 1503 2231 non
1536 2172 1847 2246 minusque
1884 2174 2024 2229 sunt
2058 2171 2327 2229 innume·

313 2260 490 2320 rabili
523 2259 700 2319 modo
735 2258 996 2318 rationes
1031 2258 1557 2334 machinationum,
1593 2260 1664 2317 de
1693 2259 1909 2334 quibus
1937 2278 2057 2318 non
2092 2276 2329 2317 necesse

313 2350 553 2409 videtur
578 2348 900 2425 disputare,
937 2347 1220 2423 quoniam
1258 2342 1266 2426 Ι
1309 2350 1448 2407 sunt
1484 2348 1560 2407 ad
1593 2367 1838 2407 manum
1873 2348 2226 2423 cotidianae,
2258 2349 2330 2405 ut
2348 2360 2448 2415 (85)

314 2440 453 2498 sunt
478 2438 670 2497 molae
705 2438 877 2495 folles
903 2436 1206 2495 fabrorum
1231 2436 1447 2495 raedae
1474 2436 1618 2496 cisia
1644 2436 1801 2495 torni
1832 2438 2145 2512 ceteraque
2176 2455 2330 2513 quae
2358 2460 2418 2501 25

316 2544 651 2585 communes
688 2526 764 2583 ad
805 2543 979 2585 usum
1014 2526 1535 2585 consuetudinibus
1572 2524 1795 2585 habent
1829 2526 2327 2601 opportunitates,

459 2667 487 2714 1
533 2662 738 2714 natura
780 2658 1106 2713 machinata
1142 2659 1293 2727 HG,
1336 2661 1599 2713 naturam
1644 2676 1815 2727 quam
1857 2658 2181 2713 machinata
2218 2658 2271 2713 S.
2309 2658 2332 2731 ΙΙ

316 2738 347 2785 2
385 2732 570 2785 fructu
606 2734 773 2801 (-tum
801 2730 868 2801 S)
903 2729 1248 2783 maturitatis
1283 2748 1339 2785 x.
1382 2732 1401 2799 ΙΙ
1450 2734 1482 2783 8
1520 2728 1735 2783 artibus
1772 2730 1893 2799 (-b;)
1928 2748 1984 2785 x.
2030 2732 2049 2799 ΙΙ
2096 2736 2161 2783 12
2202 2730 2329 2783 sub-

313 2806 503 2859 temen
531 2802 599 2857 H
602 2802 646 2858 S
677 2802 768 2871 (L,
804 2802 1136 2873 subtegmen
1163 2803 1359 2871 Polo),
1399 2802 1692 2871 suptemen
1722 2800 1787 2855 G.
1849 2803 1858 2870 Ι
1914 2802 2181 2854 tueantur
2214 2818 2269 2855 x.
2308 2801 2331 2873 ΙΙ

317 2880 385 2928 14
411 2874 620 2928 bubus:
649 2875 728 2927 sic
753 2890 793 2927 x
820 2875 878 2942 (i.
907 2891 950 2927 e.
981 2873 1048 2927 H
1053 2872 1160 2927 LS
1169 2873 1238 2941 G,
1261 2872 1443 2926 bobus
1472 2874 1632 2927 Pvlc
1656 2904 1729 2912 —
1754 2874 1879 2927 item
1906 2872 2065 2939 infra
2090 2874 2217 2938 250,
2238 2876 2330 2925 16.

313 2949 442 3013 251,
461 2946 566 3014 14).
612 2947 631 3012 ΙΙ
678 2949 743 2997 16
779 2942 1076 2997 torcularis
1112 2944 1201 3012 (=
1227 2942 1349 3013 riis)
1384 2960 1438 2997 x.
1474 2945 1494 3013 ΙΙ
1532 2948 1597 2996 18
1632 2942 1973 3012 plostrorum
2001 2944 2067 2995 H
2095 2944 2167 3011 (et
2202 2949 2334 2997 ante

315 3018 418 3085 ips.
457 3016 615 3085 corr.)
653 3014 888 3085 S(LP):
935 3014 1312 3083 plaustrorum
1352 3012 1489 3070 GS0.
1553 3016 1572 3083 ΙΙ
1638 3019 1702 3067 19
1745 3030 2113 3068 serracorum:
2158 3016 2237 3069 sic
2271 3030 2327 3067 x.

317 3089 385 3155 cf.
425 3102 648 3140 sarraca
685 3090 862 3149 αμαξα
895 3085 1044 3141 CGL
1078 3097 1142 3145 Π,
1173 3089 1298 3140 678.
1330 3086 1359 3155 ,ΙΙ
1402 3091 1466 3138 21
1506 3084 1847 3139 exanimatio
1881 3086 1945 3139 G.
1983 3086 2004 3155 ΙΙ
2039 3088 2105 3137 22
2142 3084 2332 3138 minus

317 3174 460 3226 quae
485 3160 581 3227 (qu
635 3157 678 3211 S
687 3156 758 3226 G)
775 3174 831 3211 x.
865 3156 873 3227 Ι
905 3156 1340 3211 innumerabiles
1367 3155 1775 3210 moderationes
1800 3156 1865 3210 G.
1894 3158 1914 3225 ΙΙ
1942 3160 2010 3209 24
2038 3154 2330 3224 quoniam:

319 3228 396 3297 qd
430 3245 544 3282 non
642 3227 824 3296 (LP),
861 3226 1010 3296 quod
1047 3233 1086 3280 ῑι
1117 3229 1183 3283 G.
1239 3230 1258 3297 ΙΙ
1312 3233 1380 3281 25
1417 3229 1604 3282 motae
1642 3228 1721 3299 (ἢ
1751 3226 1882 3296 GS)
1916 3244 1972 3281 x.
2019 3230 2027 3293 Ι
2074 3225 2245 3298 raede
2277 3226 2330 3281 G

321 3300 471 3371 (rede
505 3298 624 3369 G⁰):
660 3297 829 3352 redae
856 3298 927 3351 Η
929 3297 973 3352 S
995 3300 1094 3367 (sic
1124 3300 1290 3353 iidem
1315 3306 1367 3353 et
1392 3302 1518 3366 255,
1535 3302 1627 3354 20.
1656 3298 1850 3353 deinde
1869 3315 1927 3367 p.
1948 3301 2077 3366 263,
2096 3303 2166 3353 11
2191 3296 2334 3351 reda

321 3369 440 3424 EG
487 3372 586 3425 ubi
633 3368 807 3422 raeda
835 3369 912 3423 H.
984 3370 1078 3423 sed
1129 3371 1284 3438 infra
1325 3387 1387 3439 p.
1428 3372 1664 3437 263,13.
1686 3372 1775 3424 20.
1812 3372 1944 3438 264,
1962 3372 2011 3422 4.
2034 3373 2070 3423 9
2106 3386 2210 3437 per
2261 3384 2334 3423 ae.

317 3440 562 3493 scribunt
580 3439 706 3495 HG
733 3439 889 3508 (reda
920 3439 1026 3509 G0).
1055 3442 1076 3510 ΙΙ
1103 3446 1170 3493 26
1199 3440 1611 3511 oportunitates
1643 3439 1835 3511 G(S⁰):
1865 3438 2334 3511 opportunitatib3

321 3502 388 3555 Η
395 3507 486 3575 (L)
521 3516 571 3562 et
605 3512 824 3579 (oport.)
853 3510 1120 3581 S(Pvzc).
