2664 3927
349 200 438 264 42
1191 204 1520 259 VITRUVII

348 353 416 409 in
458 353 550 411 his
596 352 741 411 locis
787 354 974 412 oritur
1019 354 1078 412 et
1123 354 1210 412 ita
1256 354 1633 414 sudationum
1670 355 1936 433 egregias
1974 354 2155 415 efficit
2199 356 2359 416 utili·

349 443 522 499 tates».
616 450 734 499 non
787 443 980 501 minus
1036 442 1218 501 etiam
1271 446 1673 501 memorantur
1726 444 2055 519 antiquitus
2110 447 2360 505 crevisse

353 528 589 588 ardores
636 532 697 588 et
743 529 1132 590 abundavisse
1179 530 1284 589 sub
1329 530 1587 591 Vesuvio
1633 535 1833 591 monte
1880 535 1940 591 et
1983 533 2121 592 inde
2168 552 2359 593 evom-

349 618 507 677 uisse
563 618 718 678 circa
772 635 944 695 agros
999 619 1317 677 flammam.
1405 620 1655 695 ideoque
1708 623 1849 680 tunc
1905 640 2057 696 quae
2112 624 2361 700 spongia

351 707 474 765 sive
525 723 741 782 pumex
781 699 790 787 Ι
829 708 1223 784 Pompeianus
1269 712 1517 767 vecatur
1561 710 1796 768 excocto
1852 728 1923 767 ex
1981 710 2100 769 alio
2146 728 2356 788 genere
2372 723 2397 763 ⁵
2412 724 2499 775 (30)

348 794 565 870 lapidis
619 796 683 853 in
735 795 888 855 hanc
950 796 1190 856 redacta
1240 804 1366 855 es‘se
1419 796 1653 856 videtur
1706 798 1935 875 generis
1992 799 2359 873 qualitatem.

350 883 413 941 id
476 885 676 941 autem
739 902 920 961 genus
962 877 970 965 Ι
1013 886 1296 963 spongiae
1362 884 1520 962 quod
1582 885 1718 945 inde
1781 887 2057 945 eximitur
2114 902 2232 947 non
2295 889 2359 946 in
2387 896 2465 953 43

349 971 618 1032 omnibus
681 972 826 1032 locis
887 974 1175 1049 nascitur,
1240 974 1357 1033 nisi
1416 976 1634 1033 circum
1686 974 1945 1033 Aetnam
2000 976 2061 1033 et
2114 976 2359 1036 collibus

347 1060 576 1136 Mysiae
630 1080 781 1136 quae
836 1080 872 1119 a
929 1060 1166 1122 Graecis
1222 1070 1725 1136 κατακεκαυμενη
1790 1064 2131 1122 nominatur
2188 1066 2248 1123 et
2310 1067 2362 1125 si

349 1155 500 1224 quae
547 1150 808 1209 eiusdem
850 1150 1011 1209 modi
1057 1152 1194 1210 sunt
1238 1151 1502 1211 locorum
1544 1152 1955 1228 proprietates.
2026 1153 2077 1211 si
2123 1172 2262 1230 ergo
2298 1155 2361 1212 in
2390 1175 2442 1214 ιο

346 1238 440 1297 his
484 1238 628 1297 locis
675 1248 964 1314 aquarum
1007 1235 1300 1299 ferventes
1342 1234 1351 1319 Ι
1390 1240 1771 1299 inveniuntur
1812 1242 2005 1299 fontes
2044 1244 2104 1299 et
2147 1244 2360 1301 monti·
2380 1253 2440 1304 (5)

346 1326 456 1385 bus
521 1329 818 1387 excavatis
883 1327 1064 1387 calidi
1115 1344 1392 1405 vaporeS,
1454 1330 1701 1405 ipsaque
1764 1328 1896 1387 loca
1960 1328 2035 1387 ab
2098 1330 2359 1405 antiquis

347 1419 749 1475 memorantur
781 1419 1176 1493 pervagantes
1221 1418 1284 1475 in
1329 1417 1489 1493 agris
1524 1417 1799 1477 habuisse
1836 1417 2092 1492 ardores,
2127 1417 2363 1477 videtur

347 1522 472 1563 esse
518 1508 742 1563 certum
787 1504 862 1562 ab
907 1505 1063 1582 ignis
1109 1505 1481 1564 vehementia
1527 1524 1597 1564 ex
1640 1507 1767 1565 tofo
1812 1508 2113 1580 terraque,
2160 1525 2358 1582 quem-

347 1593 664 1651 admodum
709 1594 772 1650 in
815 1593 1151 1652 fornacibus
1199 1600 1268 1651 ex
1314 1594 1491 1669 calce,
1535 1595 1624 1651 ita
1670 1612 1739 1651 ex
1784 1594 1875 1653 his
1923 1597 2189 1670 ereptum
2234 1613 2359 1654 esse
2388 1615 2439 1656 15

346 1680 652 1756 liquorem.
725 1681 910 1757 igitur
943 1680 1325 1741 dissimilibus
1366 1684 1427 1741 et
1466 1673 1815 1763 dislparibus
1859 1682 2031 1741 rebus
2078 1684 2360 1758 correptis
2379 1694 2467 1747 (1⁰)

347 1771 407 1827 et
459 1769 524 1825 in
578 1786 759 1826 unam
811 1771 1171 1845 potestatem
1224 1771 1473 1829 conlatis
1486 1816 1501 1846 ,
1556 1769 1749 1829 calida
1802 1771 2022 1829 umoris
2081 1771 2357 1831 ieiunitas

349 1874 537 1931 aquae
572 1859 813 1932 repente
850 1848 1071 1917 satiata
1108 1858 1511 1917 communibus
1548 1858 1886 1934 corporibus
1922 1858 2133 1917 latenti
2164 1860 2358 1919 calore

347 1946 732 2005 confervescit
767 1949 829 2005 et
854 1946 1230 2006 vehementer
1256 1946 1439 2006 efficit
1475 1967 1544 2006 ea
1581 1948 1735 2007 coire
1769 1948 2150 2023 celeriterque
2178 1967 2359 2009 unam

347 2033 667 2093 soliditatis
711 2035 1012 2110 percipere
1057 2037 1355 2095 virtutem.
2387 2059 2440 2099 20

477 2122 868 2197 Relinquetur
903 2123 1274 2198 desiderati0‚
1321 2125 1601 2198 quoniam
1644 2125 1791 2182 item
1834 2127 1973 2184 sunt
2016 2126 2079 2183 in
2116 2125 2359 2185 Etruria

350 2201 358 2290 Ι
391 2228 460 2268 ex
507 2226 664 2285 aqua
708 2211 902 2269 calida
946 2211 1132 2270 crebri
1171 2213 1383 2288 fontes,
1432 2213 1572 2287 quid
1608 2213 1695 2270 ita
1732 2230 1851 2271 non
1887 2214 2069 2272 etiam
2104 2213 2186 2272 ibi
2224 2230 2357 2274 nas·
2376 2227 2465 2279 (15)

347 2299 499 2356 citur
541 2298 756 2374 pulvis,
803 2317 833 2357 e
880 2317 996 2374 quo
1044 2301 1250 2359 eadem
1283 2301 1513 2358 ratione
1551 2299 1657 2359 sub
1695 2319 1853 2376 aqua
1890 2305 2185 2362 structura
2222 2303 2359 2364 soli·

347 2387 564 2445 descat.
652 2386 856 2462 itaque
901 2388 1094 2447 visum
1149 2391 1239 2448 est
1293 2391 1614 2464 antequam
1668 2387 2100 2450 desideraretur
2144 2391 2215 2450 de
2264 2387 2357 2452 his

346 2472 519 2533 rebus
583 2476 1076 2550 quemadmodum
1129 2495 1254 2536 esse
1307 2477 1623 2536 videantur
1686 2495 1987 2554 exponere.
2088 2481 2357 2540 omnibus
2386 2499 2438 2542 2⁵
2503 2494 2506 2495 ’

346 2563 490 2622 locis
545 2566 606 2622 et
657 2565 993 2640 regionibus
1047 2582 1166 2624 non
1219 2567 1425 2624 eadem
1478 2585 1695 2643 genera
1740 2569 1932 2625 terrae
1977 2587 2084 2626 nec
2128 2569 2356 2644 lapides

345 2655 684 2727 nascuntur,
730 2653 832 2712 sed
871 2647 880 2734 Ι
920 2653 1204 2712 nonnulla
1249 2656 1388 2713 sunt
1431 2656 1665 2713 terrena
1712 2655 1833 2712 alia
1878 2654 2153 2715 sabulosa
2187 2658 2357 2716 item·
2376 2667 2463 2719 (20)

348 2759 462 2816 que
515 2741 784 2818 glareosa
839 2741 973 2800 aliis
1026 2741 1170 2800 locis
1219 2742 1510 2802 harenosa
1554 2761 1672 2802 non
1718 2745 1910 2802 minus
1964 2745 2242 2820 materia,
2296 2748 2358 2804 et

347 2831 585 2888 omnino
632 2829 905 2890 dissimili
949 2830 1286 2906 disparique
1331 2848 1545 2908 genere
1594 2833 1657 2890 in
1700 2832 2009 2909 regionum
2052 2833 2357 2892 varietati-

489 3093 520 3138 2
566 3089 942 3141 memorantur
979 3085 1168 3157 9050»
1217 3090 1431 3141 -rentur
1458 3087 1583 3143 HS.
1639 3089 1657 3157 ΙΙ
1712 3092 1743 3140 5
1789 3087 2135 3157 ponpeianus
2173 3087 2299 3142 HS.
2342 3088 2351 3160 Ι

347 3159 572 3211 excocto
611 3157 746 3213 HS:
803 3160 887 3212 -ta
927 3157 1102 3226 605⁶).
1157 3160 1176 3227 ΙΙ
1229 3163 1262 3211 8
1301 3159 1528 3212 aetnam
1565 3158 1650 3213 H:
1707 3158 1971 3212 aethnam
2004 3159 2072 3226 G,
2126 3157 2357 3213 ethnam

347 3227 528 3297 Sffic).
570 3229 588 3296 ΙΙ
630 3233 661 3281 9
699 3231 928 3283 catacae
961 3241 968 3288 ι
1002 3244 1231 3283 caumae
1269 3229 1405 3297 (-me
1434 3229 1502 3299 S)
1536 3228 1857 3282 nominatur
1884 3225 1965 3297 H,
2000 3232 2129 3284 cata
2167 3245 2358 3284 cecau-

345 3347 535 3386 menos
572 3349 718 3389 nom.
762 3336 812 3389 G
862 3335 974 3404 (12⁸9.
1021 3335 1147 3388 add.
1202 3334 1324 3402 GC),
1382 3335 1513 3386 cata
1543 3335 1551 3403 Ι
1584 3311 2163 3390 οθοειυῑῑιέιῗῧωίῃαὺιιι·
2216 3335 2299 3391 8².
2336 3337 2356 3408 ΙΙ

349 3405 413 3452 11
460 3403 742 3457 montibus
787 3405 1118 3474 (Joewndus,
1158 3411 1222 3459 ut
1250 3422 1311 3473 p.
1344 3407 1570 3474 42,23)2
1618 3403 1679 3456 in
1725 3406 1981 3460 omnibus
2018 3425 2073 3462 x.
2118 3409 2137 3476 ΙΙ
2184 3414 2250 3462 14
2288 3423 2357 3461 ex

347 3469 532 3547 βιοῖο»
570 3471 615 3523 ἃ
641 3490 695 3527 ω.
724 3476 758 3595 ΙΙ
772 3481 838 3528 15
867 3473 914 3527 ὦ
941 3473 1128 3528 acalce
1156 3492 1211 3528 x.
1240 3478 1258 3544 ΙΙ
1289 3480 1355 3528 18
1395 3489 1575 3542 aquae
1603 3474 1690 3530 H:
1731 3492 1879 3545 aqua
1908 3478 2022 3533 ἅδ’.
2052 3481 2071 3550 ΙΙ
2098 3485 2162 3532 21
2192 3477 2355 3535 itemt

347 3540 431 3590 ita
466 3555 519 3593 x.
549 3543 568 3608 ΙΙ
595 3547 661 3594 28
698 3561 736 3612 g
761 3559 956 3598 areosa
987 3546 1059 3599 G:
1097 3544 1347 3614 glariosa
1376 3546 1496 3602 HS.
1530 3547 1538 3618 Ι
1570 3547 1809 3602 materia
1836 3548 2101 3619 118(OEss
2150 3549 2253 3604 -rie
2288 3551 2354 3606 G.
