2664 3927
850 164 945 217 nn
983 162 1544 219 Anoffl'rEoTURA
1578 165 1713 221 LIB.
1751 166 1826 219 1x
2221 166 2346 231 211
2381 150 2384 153 ⁴

327 334 581 391 namque
647 317 698 375 si
762 333 899 373 xlm
963 315 1426 391 constituentur,
1491 319 1663 375 erunt
1725 316 2113 392 multiplicati
2174 318 2352 393 pedes

221 415 543 479 (25)cxcv1,
608 406 657 463 si
703 420 812 478 xv,
864 404 1045 480 pedes
1094 419 1311 463 ccxxv.
1404 422 1544 482 ergo
1599 406 1878 481 quoniam
1919 400 1928 484 Ι
1967 406 2031 463 id
2084 425 2203 464 non
2258 426 2351 466 ex·
2389 424 2420 473 5

326 494 587 569 plicatur
638 511 910 567 numer0‚
964 493 1028 550 in
1084 512 1151 551 eo
1211 494 1502 568 quadrato
1557 494 1736 572 longo
1793 498 1854 553 et
1907 496 2031 553 lato
2086 496 2264 571 pedes
2311 514 2352 553 x

330 582 488 658 quod
541 584 750 655 fuerit,
804 582 963 640 linea
1018 581 1093 641 ab
1148 580 1370 660 angulo
1415 583 1492 641 ad
1539 584 1822 661 angulum
1867 580 2175 661 diagonios
2221 604 2354 660 per-

276 689 301 732 5
329 672 607 747 ducatur,
670 672 764 729 uti
818 670 1162 730 dividantur
1214 671 1329 730 duo
1385 672 1625 749 trigona
1681 689 1871 748 aequa
1924 673 2352 750 magnitudine,

328 760 566 837 singula
604 778 781 830 areae·
812 759 1028 835 pedum
1067 760 1570 838 quinquagenum,
1608 760 1683 819 ad
1721 761 1963 837 eiusque
1998 762 2190 821 lineae
2229 764 2352 820 dia-

328 849 559 927 gonalis
606 848 1040 926 longitudinem
1084 848 1251 907 locus
1291 850 1616 924 quadratus
1650 850 1894 926 paribus
1930 850 2214 909 lateribus
2253 851 2349 910 de-

219 948 308 1003 (zo)
346 937 657 997 scribatur.
715 938 805 995 ita
842 956 1023 1013 quam
1057 956 1276 1015 magna
1303 938 1420 996 duo
1448 938 1686 1015 trigona
1713 939 1777 997 in
1803 940 2030 998 minore
2058 940 2349 1015 quadrato

189 1034 307 1089 214
372 1026 857 1103 quinquagenum
908 1026 1128 1101 pedum
1180 1026 1342 1085 linea
1405 1026 1682 1104 diagonio
1744 1028 1968 1086 fuerint
2023 1028 2350 1106 designata,

248 1136 300 1174 10
328 1114 533 1173 eadem
585 1114 996 1193 magnitudine
1044 1119 1104 1173 et
1150 1115 1356 1174 eodem
1399 1115 1618 1191 pedum
1663 1135 1908 1174 numero
1955 1120 2239 1192 quattuor
2284 1118 2347 1176 in

322 1204 543 1262 maiore
608 1207 781 1262 erunt
844 1204 1067 1263 effecta.
1158 1204 1269 1263 hac
1332 1204 1565 1263 ratione
1622 1204 1952 1279 duplicatio
2009 1207 2347 1282 grammicis

321 1292 650 1352 rationibus
697 1292 771 1351 ab
806 1292 1075 1369 Platone,
1120 1294 1212 1351 uti
1258 1292 1494 1351 schema
1539 1292 1938 1370 subscriptum
1976 1296 2092 1352 erit
2127 1295 2190 1352 in
2225 1296 2347 1353 ima

244 1391 304 1445 (5)
322 1382 562 1459 pagina,
608 1373 925 1463 exfplicata
972 1384 1077 1441 est.

452 1470 607 1529 Item
653 1470 1029 1549 Pythagoras
1074 1490 1344 1531 normam
1389 1470 1515 1530 sine
1563 1470 1806 1529 artificis
1851 1470 2344 1531 fabricationibus
2383 1491 2414 1538 6

241 1578 297 1619 15
321 1558 627 1619 inventam
682 1559 971 1635 ostendit,
1030 1562 1091 1618 et
1146 1560 1307 1635 quod
1361 1578 1580 1637 magno
1626 1559 1828 1619 labore
1873 1559 2030 1618 fabri
2075 1579 2344 1619 normam

317 1648 603 1707 facientes
656 1648 757 1707 vix
812 1648 885 1707 ad
942 1668 1148 1708 verum
1200 1647 1522 1725 perducere
1575 1651 1852 1725 possunt,
1905 1649 1968 1706 id
2012 1650 2343 1709 rationibus

320 1740 380 1795 et
450 1737 745 1797 methodis
817 1736 1194 1795 emendatum
1266 1756 1338 1795 ex
1410 1738 1534 1797 eius
1593 1736 1930 1813 ‘praeceptis
1997 1740 2338 1815 explicatur.

210 1837 299 1888 (10)
318 1844 571 1900 namque
612 1821 621 1903 Ι
664 1826 713 1884 si
750 1828 1059 1884 sumantur
1083 1826 1326 1902 regulae
1355 1828 1476 1885 tres
1506 1846 1538 1885 e
1568 1826 1780 1902 quibus
1808 1846 1928 1885 una
1961 1827 2040 1887 sit
2065 1828 2242 1903 pedes
2270 1846 2343 1885 111

320 1914 510 1972 altera
562 1915 741 1990 pedes
778 1932 873 1972 1111
924 1915 1105 1974 tertia
1160 1914 1339 1992 pedes
1377 1934 1434 1991 v,
1490 1934 1710 1993 eaeque
1764 1917 2010 1994 regulae
2065 1918 2222 1974 inter
2276 1934 2338 1976 se

238 2024 292 2062 20
319 2004 678 2079 compositae
730 2006 987 2081 tangant
1041 2005 1159 2063 alia
1190 2005 1396 2064 aliam
1442 2006 1566 2064 suis
1614 2005 2014 2065 cacuminibus
2061 2005 2339 2064 extremis

319 2092 552 2151 schema
588 2092 873 2152 habentes
908 2093 1149 2170 trigoni,
1195 2094 1610 2153 deformabunt
1645 2113 1914 2153 normam
1951 2095 2347 2153 emendatam:

319 2181 395 2239 ad
430 2201 530 2240 eas
568 2185 767 2241 autem
800 2183 1141 2260 regularum
1177 2183 1548 2259 singularum
1583 2183 1988 2260 longitudines
2027 2185 2078 2242 si
2107 2184 2342 2260 singula

207 2283 297 2336 (15)
318 2272 611 2345 quadrata
662 2263 925 2353 par-ilbus
969 2271 1255 2331 lateribus
1303 2271 1736 2347 describantur,
1793 2272 1950 2347 quod
1998 2273 2114 2330 erit
2157 2273 2339 2330 trium

315 2361 494 2433 latus,
541 2378 711 2418 areae
748 2360 993 2419 habebit
1026 2362 1205 2436 pedes
1241 2379 1396 2437 vmr,
1433 2361 1591 2436 quod
1626 2379 1737 2437 1111,
1774 2379 1897 2438 xvl,
1936 2361 2096 2437 quod
2131 2381 2172 2422 v
2208 2363 2340 2440 erit,

234 2469 289 2509 25
314 2467 453 2508 xxv.
544 2449 635 2507 ita
688 2451 981 2524 quantum
1036 2467 1206 2508 areae
1259 2450 1479 2525 pedum
1522 2469 1832 2508 numerum
1877 2450 1997 2510 duo
2043 2451 2340 2526 quadrata
2377 2468 2406 2516 ⁷

316 2556 386 2596 ex
420 2537 617 2596 tribus
650 2537 901 2614 pedibus
936 2538 1327 2615 longitudinis
1364 2540 1620 2598 laterum
1653 2542 1714 2598 et
1740 2542 2030 2615 quattuor
2057 2540 2340 2617 efficiunt,

316 2645 502 2702 aeque
564 2629 801 2686 tantum
864 2647 1177 2686 numerum
1238 2626 1498 2686 reddidit
1559 2647 1742 2686 unum
1807 2648 1875 2686 ex
1930 2628 2192 2704 quinque
2239 2627 2337 2688 de-

206 2727 296 2780 (20)
314 2715 617 2792 scriptum.
700 2716 763 2775 id
806 2707 1199 2798 Pythalgoras
1246 2735 1381 2774 cum
1424 2717 1766 2792 invenisset,
1810 2735 1930 2775 non
1975 2717 2252 2777 dubitans
2301 2739 2336 2776 a

312 2804 501 2864 Musis
540 2824 600 2864 se
637 2807 701 2863 in
739 2825 808 2864 ea
842 2805 1183 2865 inventione
1219 2806 1531 2880 monitum,
1567 2806 1854 2866 maximas
1891 2805 2115 2883 gratias
2153 2827 2335 2885 agens

233 2915 287 2954 30
312 2893 539 2953 hostias
586 2894 807 2953 dicitur
850 2895 943 2954 his
987 2895 1404 2954 immolavisse.
1497 2913 1568 2953 ea
1613 2897 1812 2954 autem
1855 2896 2009 2954 ratio
2057 2897 2336 2972 quemad-⁴

454 3033 489 3081 4
518 3028 669 3098 quod
697 3028 767 3083 H
772 3029 822 3084 G
835 3027 897 3083 S:
928 3043 1041 3096 que
1057 3029 1127 3082 Ε.
1163 3033 1171 3096 Ι
1206 3027 1546 3099 &agoniam
1575 3031 1594 3098 11
1623 3030 1654 3082 9
1685 3028 2014 3099 designatae
2042 3032 2120 3103 (-9
2141 3031 2202 3083 E
2211 3031 2334 3099 ΘΒ)

312 3116 367 3153 x,
410 3101 428 3168 ΙΙ
471 3105 535 3152 12
574 3116 762 3154 scema
796 3116 839 3154 x
876 3102 1025 3168 (item
1058 3117 1107 3154 v.
1139 3102 1247 3169 12).
1308 3101 1317 3170 Ι
1378 3100 1754 3168 subscriptum
1799 3102 1886 3154 est
1923 3102 2014 3170 (e.)
2050 3101 2334 3170 explicata

312 3171 399 3224 est
435 3169 495 3223 in
532 3170 647 3224 ima
681 3170 895 3241 pagina
930 3189 986 3225 x.
1040 3171 1059 3239 11
1116 3175 1183 3224 15
1220 3170 1398 3238 quod:
1437 3188 1608 3240 quam
1642 3188 1699 3226 x.
1753 3173 1772 3240 ΙΙ
1828 3177 1893 3224 19
1929 3170 2102 3230 tertia
2134 3170 2328 3227 EGS:

312 3243 474 3293 terua
511 3242 589 3295 H.
650 3245 659 3311 Ι
718 3257 929 3310 eaeque
986 3243 1184 3314 (ecque
1222 3242 1290 3310 S)
1320 3241 1456 3298 HS:
1513 3242 1730 3311 haeque
1785 3242 1990 3314 (heque
2030 3242 2102 3311 G)
2139 3243 2274 3296 EG.
2311 3243 2332 3316 Η

314 3317 379 3364 21
418 3311 685 3382 ’ἐὴ-130111
721 3315 863 3382 (cum
897 3314 1031 3384 rae.)
1059 3312 1183 3368 HS.
1224 3315 1245 3384 n
1279 3319 1349 3366 23
1388 3313 1562 3382 quod:
1602 3329 1729 3368 eum
1764 3315 1876 3382 (cu)
1913 3330 1968 3367 m.
1997 3313 2018 3382 ΙΙ
2045 3317 2112 3366 26
2149 3312 2329 3382 longi-

310 3379 524 3435 tudinis
562 3383 757 3439 EGS:
810 3399 934 3437 -nes
972 3383 1047 3438 H.
1104 3387 1125 3454 ΙΙ
1180 3389 1245 3437 27
1283 3385 1536 3439 reddidit
1571 3386 1690 3456 (sic)
1725 3401 1781 3440 x.
1843 3387 1850 3453 Ι
1909 3382 2156 3451 quinque
2192 3384 2260 3437 H
2265 3384 2328 3442 S:

312 3468 377 3507 .v.
410 3453 543 3508 EG.
574 3455 593 3522 ΙΙ
621 3459 688 3507 28
727 3455 969 3508 amusiee
998 3456 1079 3523 H,
1115 3455 1388 3511 amusisse
1417 3457 1592 3513 EGS
1615 3459 1897 3526 (separant
1933 3470 1992 3508 se
2021 3455 2290 3526 E⁰G⁶S⁰).
2309 3455 2331 3528 ss

310 3527 379 3578 30
416 3523 795 3580 immolavisse
822 3525 892 3579 H
896 3526 1041 3582 EG:
1079 3525 1400 3583 immolasse
1430 3529 1484 3584 S.

1901 3617 2006 3670 14*
