2664 3927
773 190 867 243 DE
906 189 1466 246 ARCHITECTURA
1499 190 1633 245 LIB.
1672 191 1817 259 VIII,
1857 197 1884 245 1
2210 192 2339 258 183

238 354 300 405 (5)
322 360 478 418 aqua
519 335 528 418 Ι
571 340 645 398 ad
680 340 972 416 templum
1009 340 1330 416 aedemque
1369 344 1532 401 casta
1567 341 1855 418 religione
1890 343 2159 418 refertur,
2194 346 2339 404 tunc

319 431 383 488 in
445 433 604 488 terra
667 429 1116 504 procumbentes
1181 429 1456 490 manibus
1522 430 1599 488 ad
1654 431 1885 490 caelum
1939 431 2185 498 sublatis
2246 434 2337 494 in·

318 520 612 578 ventionis
659 519 884 594 gratias
931 521 1120 595 agunt
1164 519 1399 578 divinae
1443 519 1815 596 benignitati.

454 606 602 666 Cum
656 626 796 684 ergo
851 609 912 665 et
965 626 1002 664 a
1051 607 1310 683 physicis
1368 610 1429 666 et
1482 609 1851 684 philosophis
1906 611 1967 668 et
2020 607 2094 667 ab
2149 627 2337 668 sacer-

269 717 294 758 5
321 695 555 756 dotibus
602 696 896 754 iudicetur
941 715 1011 754 ex
1055 698 1355 771 potestate
1410 715 1601 772 aquae
1648 715 1849 756 omnes
1903 716 1995 756 res
2050 701 2338 772 constare,

209 796 301 848 (ιο)
319 787 529 861 putavi
570 776 578 865 Ι
620 785 902 860 quoniam
945 785 1011 842 in
1046 784 1339 860 prioribus
1378 790 1607 862 septem
1641 787 2039 846 voluminibus
2077 786 2335 846 rationes

319 873 722 934 aedificiorum
785 875 925 932 sunt
989 875 1315 948 expositae,
1378 875 1443 933 in
1503 875 1617 933 hoc
1679 879 1951 951 oportere
2006 875 2077 934 de
2134 876 2335 936 inven-

318 962 580 1022 tionibus
654 980 844 1037 aquae
916 980 1184 1038 quasque
1256 961 1473 1021 habeat
1542 965 1607 1021 in
1677 965 1941 1022 locorum
2009 965 2335 1041 proprieta-

318 1051 478 1110 tibus
550 1052 817 1110 virtutes.
877 1051 1206 1126 quibusque
1277 1051 1608 1110 rationibus
1682 1051 1934 1112 ducatui·
2006 1056 2067 1112 et
2140 1073 2338 1128 quem-

237 1161 293 1201 10
321 1139 635 1198 admodum
682 1142 819 1198 ante
863 1139 1152 1215 probetur
1185 1138 1455 1198 scribere.
1530 1143 1621 1198 est
1658 1142 1813 1200 enim
1852 1142 2105 1200 maxime
2142 1161 2335 1202 neces-

205 1239 300 1291 (15)
321 1230 478 1288 saria
551 1231 610 1287 et
683 1228 759 1286 ad
821 1229 1010 1287 vitam
1073 1231 1134 1286 et
1207 1229 1285 1286 ad
1357 1228 1778 1288 delectationes
1828 1222 1837 1310 Ι
1889 1233 1948 1288 et
2020 1230 2097 1289 ad
2166 1249 2339 1293 usum

321 1317 699 1376 cotidianum.

451 1407 542 1464 Ea
614 1409 811 1466 autem
888 1407 1002 1464 erit
1072 1405 1329 1480 facilior,
1406 1405 1455 1464 si
1520 1409 1696 1465 erunt
1766 1407 1959 1468 fontes
2026 1407 2217 1482 aperti
2278 1411 2340 1466 et
2364 1417 2397 1472 Ι

319 1495 585 1554 fluenteS.
677 1496 769 1554 sin
825 1497 1030 1553 autem
1084 1513 1204 1553 non
1257 1495 1579 1571 profluent,
1635 1495 1973 1570 quaerenda
2026 1495 2133 1554 sub
2178 1498 2339 1556 terra

237 1603 292 1644 15
319 1587 458 1642 sunt
503 1585 701 1660 capita
749 1587 808 1643 et
855 1583 1202 1660 colligenda.
1296 1603 1451 1659 quae
1504 1583 1589 1642 sic
1634 1587 1808 1642 erunt
1853 1585 2204 1660 experienda
2249 1585 2340 1646 uti

318 1673 740 1748 procumbatur
793 1674 858 1730 in
911 1672 1116 1731 dentes
1172 1675 1494 1747 antequam
1554 1673 1643 1731 sol
1707 1676 1943 1734 exortus
2006 1674 2211 1748 fuerit,
2276 1673 2340 1734 in

209 1773 301 1822 (2⁰)
320 1762 465 1820 loeis
505 1761 718 1836 quibus
757 1762 869 1820 erit
909 1756 918 1839 Ι
962 1761 1381 1836 quaerendum,
1419 1764 1480 1820 et
1515 1761 1580 1819 in
1612 1765 1773 1820 terra
1808 1765 2008 1821 mento
2036 1762 2340 1825 conlocato

323 1853 383 1908 et
426 1850 580 1908 fulto
625 1849 1063 1925 prospiciantur
1109 1869 1213 1908 eae
1258 1851 1546 1927 regiones,
1624 1851 1709 1910 sic
1756 1853 1912 1909 enim
1955 1869 2075 1909 non
2121 1851 2341 1910 errabit

322 1938 604 1997 excelsius
651 1957 831 2014 quam
873 1941 1147 2015 oporteat
1181 1939 1362 2015 visus,
1409 1957 1545 1999 cum
1582 1939 1695 1999 erit
1729 1939 2022 1999 inmotum
2058 1943 2341 2016 mentum,

237 2048 296 2089 20
324 2028 428 2086 sed
471 2027 752 2086 libratam
795 2027 1178 2086 altitudinem
1221 2028 1284 2087 in
1327 2028 1669 2105 regionibus
1718 2032 1880 2089 certa
1928 2030 2195 2089 finitione
2243 2030 2341 2088 de·
2378 2055 2382 2061 ·

323 2116 599 2193 signabit.
699 2119 846 2175 tunc
907 2116 971 2174 in
1027 2116 1238 2192 quibus
1301 2118 1448 2175 locis
1502 2118 1860 2177 videbuntur
1912 2138 2144 2178 umores
2206 2138 2340 2179 con-

209 2216 302 2269 (85)
323 2207 648 2280 crispantes
705 2209 766 2264 et
810 2205 875 2263 in
929 2224 1068 2263 aera
1113 2198 1467 2288 surgen{teS,
1521 2206 1605 2264 ibi
1649 2208 1927 2267 fodiatur.
2018 2227 2139 2268 non
2185 2208 2343 2268 enim

321 2295 386 2354 in
431 2296 586 2354 sicco
630 2293 761 2354 loco
806 2294 918 2354 hoc
961 2296 1160 2369 potest
1205 2296 1440 2373 signum
1484 2295 1629 2356 fieri.

453 2384 608 2443 Item
671 2383 1258 2443 animadvertendum
1313 2387 1402 2443 est
1464 2384 1883 2459 quaerentibus
1948 2404 2167 2460 aquam
2223 2403 2339 2460 quo
2377 2400 2415 2447 2

239 2492 292 2534 25
321 2492 532 2549 genere
579 2472 700 2531 sint
745 2473 892 2531 loca.
967 2475 1130 2530 certa
1175 2474 1335 2531 enim
1380 2476 1520 2531 sunt
1562 2474 1627 2531 in
1674 2472 1889 2549 quibus
1926 2474 2203 2534 nascitur.
2277 2475 2342 2531 in

322 2565 484 2620 creta
529 2563 724 2620 tenuis
772 2565 832 2620 et
879 2560 1046 2619 exilis
1096 2564 1156 2619 et
1200 2579 1320 2619 non
1366 2562 1492 2619 alta
1540 2564 1630 2620 est
1675 2562 1863 2637 copia.
1948 2581 2016 2620 ea
2063 2563 2177 2621 erit
2221 2582 2341 2622 non

180 2659 300 2716 186
322 2650 547 2725 optimo
590 2644 598 2731 Ι
639 2668 864 2726 sapore.
938 2649 1084 2708 item
1120 2649 1406 2708 sabulone
1444 2650 1639 2709 soluto
1676 2651 1870 2709 tenuis
1906 2651 2008 2710 sed
2044 2652 2339 2709 inferioris

320 2739 438 2799 loci
482 2739 830 2798 invenietur.
924 2757 994 2797 ea
1040 2738 1154 2796 erit
1197 2738 1410 2797 limosa
1457 2742 1518 2797 et
1559 2740 1841 2799 insuavis.
1931 2742 2092 2802 terra
2140 2743 2341 2798 autem

322 2828 494 2905 nigra
533 2828 770 2886 sudores
811 2829 871 2885 et
909 2827 1104 2886 stillae
1133 2828 1311 2886 exiles
1348 2828 1748 2902 inveniuntur,
1786 2848 1937 2904 quae
1976 2848 2046 2889 ex
2079 2828 2341 2887 hibernis

240 2937 295 2978 :30
321 2916 774 2992 tempestatibus
821 2916 1103 2975 collectae
1147 2918 1212 2973 in
1249 2917 1455 2991 spissis
1492 2920 1552 2975 et
1588 2916 1793 2976 solidis
1828 2918 1972 2977 locis
2010 2917 2341 2976 subsidunt.

239 3014 303 3068 (5)
320 3006 467 3065 haec
507 3000 515 3083 Ι
556 3006 777 3063 habent
833 3006 1122 3080 optimum
1177 3024 1463 3081 saporem.
1563 3007 1765 3083 glarea
1819 3025 1959 3065 vero
2018 3007 2343 3067 mediocres

465 3252 496 3299 2
533 3244 952 3301 inventionibus
990 3245 1090 3316 (-b;
1118 3245 1318 3316 ΕΗΒ)
1354 3263 1409 3299 x.
1465 3248 1485 3315 ΙΙ
1536 3252 1571 3298 4
1609 3246 1681 3299 ab
1711 3246 1780 3300 H
1787 3247 1841 3299 E
1858 3248 1931 3302 G:
1971 3262 2005 3298 a
2036 3245 2088 3301 S.
2137 3248 2155 3315 ΙΙ
2202 3251 2233 3299 5
2272 3262 2343 3299 ex

323 3317 516 3373 EGS:
555 3317 601 3370 8⁶
627 3318 705 3373 H.
752 3320 772 3387 ΙΙ
818 3322 849 3369 6
886 3316 948 3370 in
983 3334 1084 3372 om.
1118 3318 1169 3371 G
1205 3320 1339 3387 (non
1364 3317 1469 3386 E).
1512 3316 1839 3400 [prioribus
1878 3319 2093 3386 septem
2122 3316 2340 3371 HEG:

324 3406 832 3531 {lpfffflgalsstffg
853 3408 1138 3547 Ἥὲὣῖξῗ
1149 3404 2345 3558 fflffsffl.¹51sszsss⁶a¹a2352054l

323 3564 424 3602 om.
460 3549 525 3602 G.
581 3550 599 3617 ΙΙ
654 3552 720 3600 29
761 3547 990 3601 sudores
1027 3548 1151 3605 GS:
1197 3566 1297 3603 -r1s
1337 3549 1412 3604 H.
1470 3552 1488 3619 ΙΙ
1544 3553 1607 3601 31
1647 3547 1751 3601 hec
1790 3548 1878 3616 H,
1914 3547 2019 3620 hec
2056 3547 2121 3602 S:
2159 3547 2231 3621 he
2274 3548 2344 3603 G.
