2664 3927
851 185 948 240 DE
984 183 1545 242 ARCHITECTURA
1580 187 1712 242 LIB.
1750 187 1791 257 1,
1830 193 1861 241 2
2284 190 2363 253 11

347 336 612 395 inventio
684 339 886 397 autem
959 339 1050 398 est
1121 337 1538 415 quaestionum
1600 337 1984 398 obscurarum
2047 339 2365 415 explicatio

346 425 623 501 ratioque
676 445 866 486 novae
918 426 1008 485 rei
1051 425 1254 503 vigore
1309 426 1517 486 mobili
1561 429 1815 504 reperta.
1905 428 2018 486 hae
2064 431 2204 488 sunt
2247 431 2365 488 ter·
2441 441 2448 449 '

347 513 704 574 minationes
749 514 1219 592 dispositionum.

479 603 838 680 Eurythmia
881 604 974 663 est
1013 606 1268 664 venusta
1311 605 1535 680 species
1590 603 2049 681 commodusque
2098 607 2163 665 in
2207 625 2362 666 com·
2400 622 2433 670 3

206 703 297 756 (ιο)
312 703 338 746 5
351 681 761 774 polsitionibus
834 691 1231 752 membrorum
1301 695 1592 768 aspectus.
1698 694 1843 754 haec
1908 694 2167 754 efficitur
2228 713 2366 755 cum

345 780 613 840 membra
649 782 843 857 operis
871 781 1272 840 convenientis
1309 785 1450 841 sunt
1484 781 1819 842 altitudinis
1852 783 1930 841 ad
1964 783 2363 859 latitudinem,

345 869 682 929 latitudinis
727 869 803 928 ad
846 869 1282 947 longitudinem
1326 871 1387 928 et
1432 869 1510 928 ad
1555 888 1849 931 summam
1884 871 2083 931 omnia
2120 891 2362 950 respon-

345 958 490 1018 dent
533 976 677 1017 suae
721 959 1118 1034 symmetriae.

476 1047 632 1106 Item
695 1047 1040 1122 symmetria
1103 1049 1194 1106 est
1255 1066 1326 1106 ex
1388 1046 1577 1123 ipsius
1639 1047 1833 1125 operis
1892 1049 2170 1110 membris
2226 1069 2361 1110 con·
2398 1065 2433 1114 4

179 1148 338 1200 (16)1⁰
347 1134 590 1195 veniens
629 1129 639 1214 Ι
681 1153 993 1196 consensus
1039 1155 1112 1194 ex
1155 1135 1547 1212 partibusque
1592 1137 1882 1212 separatis
1928 1139 2006 1197 ad
2050 1139 2362 1200 universae

344 1223 570 1300 figurae
624 1225 879 1300 speciem
931 1228 1100 1284 ratae
1153 1224 1343 1301 partis
1402 1242 1735 1301 responsus
1834 1227 1928 1285 uti
1986 1227 2049 1286 in
2106 1228 2361 1288 hominis

345 1330 588 1388 corpore
634 1333 665 1372 e
711 1313 910 1374 cubito
965 1314 1115 1391 pede
1168 1314 1370 1390 palmo
1424 1313 1615 1391 digito
1670 1314 1998 1390 ceterisque
2051 1317 2361 1392 particulis

343 1405 693 1477 symmetros
739 1406 830 1463 est
866 1402 1239 1478 eurythmiae
1276 1402 1560 1479 qualitas,
1604 1402 1688 1462 sic
1710 1403 1816 1463 est
1849 1403 1914 1461 in
1951 1420 2196 1479 operum
2230 1425 2362 1482 per-

343 1490 712 1551 fectionibus,
814 1493 875 1551 et
927 1491 1185 1568 primum
1237 1492 1302 1550 in
1357 1490 1601 1550 aedibus
1656 1491 1837 1551 sacris
1894 1494 2002 1550 aut
2056 1512 2089 1551 e
2142 1493 2362 1553 colum-

179 1593 555 1645 (so)15narum
609 1573 1117 1662 crassitudilnibus
1172 1582 1280 1640 aut
1338 1579 1645 1657 triglypho
1701 1584 1812 1640 aut
1864 1581 2048 1640 etiam
2112 1581 2362 1658 embate,

339 1669 444 1728 sed
487 1671 550 1728 et
591 1668 868 1729 ballistae
915 1689 946 1727 e
989 1669 1280 1729 foramine
1324 1663 1471 1748 <et>
1516 1667 1676 1745 quod
1722 1668 1933 1729 Graeci
1980 1685 2359 1744 περιτρητον

338 1758 631 1834 vocitant,
675 1759 846 1818 navis
890 1758 1309 1835 interscalmio,
1358 1757 1517 1834 quod
1562 1759 1887 1832 διαπηγμα
1931 1758 2167 1834 dicitur,
2209 1759 2358 1820 item

341 1849 672 1906 ceterorum
745 1866 992 1924 operum
1063 1866 1094 1906 e
1156 1846 1435 1906 membris
1508 1847 1810 1907 invenitur
1882 1848 2361 1924 symmetriarum

340 1934 734 1995 ratiocinatio.

259 2048 315 2087 ιο
473 2022 667 2083 Decor
719 2028 921 2084 autem
975 2030 1066 2085 est
1119 2026 1465 2085 emendatus
1520 2025 1714 2102 operis
1772 2028 2045 2102 aspectus
2091 2026 2357 2103 probatis

229 2103 355 2194 (stef
383 2112 561 2172 rebus
615 2113 926 2190 compositi
972 2133 1106 2174 cum
1159 2114 1533 2174 auctoritate.
1623 2115 1674 2173 is
1729 2114 2033 2191 perficitur
2084 2116 2360 2191 statione,

341 2202 501 2278 quod
563 2220 772 2279 graece
835 2204 1208 2275 θεματιεμωι
1272 2202 1513 2279 dicitur,
1586 2221 1692 2263 seu
1764 2204 2187 2264 consuetudine
2252 2209 2361 2265 aut

337 2293 575 2350 natura.
664 2291 947 2365 statione,
1001 2310 1139 2351 cum
1191 2292 1322 2353 Iovi
1367 2292 1615 2371 Fulguri
1670 2294 1731 2350 et
1778 2290 1955 2353 Caelo
2011 2296 2074 2351 et
2118 2292 2245 2353 Soli
2300 2297 2361 2352 et

233 2393 311 2447 13
339 2379 542 2439 Lunae
579 2370 866 2462 aediflficia
900 2380 1115 2439 subdiu
1150 2380 1601 2458 hypaethraque
1629 2380 2083 2441 constituentur.
2145 2383 2359 2443 horum

262 2494 314 2534 25
343 2469 500 2528 enim
543 2470 790 2529 deorum
834 2471 895 2529 et
941 2470 1163 2546 species
1199 2473 1261 2530 et
1297 2470 1539 2529 effectus
1577 2470 1641 2527 in
1676 2472 1883 2546 aperto
1919 2471 2139 2530 mundo
2176 2474 2357 2548 atque

338 2558 561 2618 lucenti
603 2559 944 2635 praesentes
979 2558 1261 2619 videmus.
1344 2558 1647 2617 Minervae
1693 2562 1754 2617 et
1789 2559 1974 2619 Marti
2018 2562 2080 2618 et
2113 2559 2357 2619 Herculi

341 2646 512 2707 aedes
567 2648 802 2707 doricae
855 2646 1013 2706 fient.
1103 2647 1195 2706 his
1251 2648 1409 2706 enim
1454 2646 1567 2707 diis
1611 2650 1856 2724 propter
1898 2648 2186 2707 virtutem
2230 2649 2355 2708 sine

257 2754 321 2806 (5)
340 2736 564 2795 deliciis
619 2735 889 2796 aedificia
925 2730 937 2815 Ι
978 2736 1263 2795 constitui
1318 2736 1501 2796 decet.
1591 2736 1807 2794 Veneri
1862 2736 2074 2796 Florae
2119 2737 2355 2797 Proser-

338 2824 514 2901 pinae
568 2825 748 2887 Fonti
800 2824 1088 2902 Lumphis
1142 2824 1433 2884 corinthio
1497 2842 1709 2902 genere
1764 2825 2127 2884 constitutae
2182 2829 2354 2902 aptas

479 3053 512 3102 6
551 3047 941 3103 convenientia
974 3066 1029 3104 x.
1057 3050 1078 3119 ΙΙ
1106 3053 1136 3102 7
1172 3048 1515 3117 respondent
1553 3048 1629 3103 0.
1674 3047 1873 3102 -deant
1907 3045 2091 3119 HS
2128 3054 2191 3102 11
2230 3052 2354 3132 rate

341 3117 466 3175 GS:
502 3120 620 3191 late
657 3119 792 3201 H.11
830 3124 895 3174 15
932 3118 1217 3174 embatere
1255 3066 1523 3173 ballistae
1560 3118 1911 3245 (Βῆῌειζῌΰ
1922 3119 2047 3190 GS)
2070 3050 2354 3176 foramine

375 3190 489 3245 uod
661 3189 714 3244 ci
747 3121 924 3261 (greci
954 3192 1026 3260 G)
1060 3188 1372 3271 peritreton
1400 3207 1455 3245 x.
1484 3192 1503 3261 ΙΙ
1533 3195 1598 3245 17
1636 3207 1712 3245 na
1811 3208 1877 3244 us
1912 3208 1967 3247 x.
2002 3192 2012 3261 Ι
2042 3207 2187 3260 quae
2222 3194 2281 3260 (q
2243 3208 2353 3265 que

336 3208 471 3331 3⁷28)
507 3206 678 3332 «ἔωθε
606 3260 839 3316 hciaca
871 3278 926 3317 x.
1003 3267 1070 3315 22
1106 3260 1467 3316 thematismo
1503 3279 1559 3317 x.
1588 3264 1607 3332 ΙΙ
1634 3266 1704 3315 24
1740 3261 1845 3316 sub
1881 3260 2013 3316 divo
2049 3262 2088 3315 h
2088 3261 2351 3331 yphetra-

335 3263 1427 3414 que)(h1mphetraque‚hypethraque
1467 3332 1540 3402 G)
1574 3350 1617 3387 x
1661 3334 1830 3404 (cfip
1833 3334 2011 3399 .124,
2033 3333 2108 3401 2)
2088 3279 2171 3405 yp'
2222 3349 2353 3388 con-

335 3352 641 3459 stituentur
675 3402 811 3459 HS:
867 3406 1060 3459 -untur
1106 3404 1175 3460 G.
1219 3406 1239 3474 ss
1283 3409 1353 3458 26
1394 3403 1644 3459 videmus
1684 3350 1833 3459 GScp.
1886 3333 2131 3457 vidi’m1)1s
2168 3404 2295 3461 HS.
2330 3405 2353 3477 11

336 3479 404 3529 28
433 3474 550 3545 di(e
572 3472 866 3544 86⁰)liciis
891 3492 947 3530 x.
975 3476 996 3545 11
1022 3480 1092 3529 29
1125 3474 1417 3544 fontycum
1440 3475 1584 3545 phys
1612 3474 1693 3543 H,
1726 3473 1891 3543 fonty
1916 3473 2129 3544 cuphys
2160 3476 2204 3531 S
2230 3476 2350 3547 (ubi

335 3561 507 3615 supra
541 3544 1156 3615 1.n‘1‘ph1s)‚fonticym
1189 3545 1316 3616 phis
1360 3546 1412 3601 θ
1447 3545 1611 3617 (phys
1650 3546 1756 3615 Gc).

2396 2043 2427 2090 5
