2664 3927
846 187 943 242 DE
979 186 1539 243 ARCHITECTURA
1574 188 1706 242 LIB.
1745 188 1848 242 VH
2234 189 2357 253 157

226 347 316 402 (10)
334 338 531 413 posito
577 339 815 398 nomine
860 357 992 396 meo
1038 338 1100 395 id
1143 339 1380 414 profero
1422 333 1430 416 Ι
1473 357 1683 414 corpus
1738 358 1928 414 neque
1974 339 2155 398 ullius
2201 341 2359 418 cogi·

334 429 466 487 tata
511 427 857 503 vituperans
903 427 1136 485 institui
1185 445 1256 486 ex
1291 445 1362 487 eo
1408 446 1502 486 me
1550 427 1896 504 adprobare,
1942 428 2045 486 sed
2090 429 2359 488 omnibus

335 514 718 592 scriptoribus
766 515 1028 574 infinitas
1075 533 1188 593 ago
1235 517 1463 593 gratias
1502 517 1659 592 quod
1698 516 1949 595 egregiis
1986 517 2361 593 ingeniorum

335 605 617 664 sollertiis
681 625 751 664 ex
815 622 961 663 aevo
1027 605 1278 664 conlatis
1340 604 1707 664 abundantes
1764 606 1917 664 alius
1972 606 2093 665 alio
2144 625 2360 683 genere

278 714 304 754 5
333 694 534 769 copias
589 695 1123 769 praeparaverunt,
1176 693 1332 752 unde
1387 712 1495 753 nos
1549 696 1641 753 uti
1702 694 1968 754 fontibus
2021 695 2360 755 haurientes

224 794 313 847 (15)
333 801 554 859 aquam
571 785 633 840 et
660 782 736 841 ad
764 783 1007 858 propria
1033 783 1343 858 proposita
1368 775 1764 864 traducenltes
1789 784 2164 843 facundiores
2184 787 2246 843 et
2266 803 2359 842 ex-

331 872 654 948 peditiores
680 870 965 930 habemus
995 870 1072 929 ad
1101 870 1475 929 scribendum
1500 872 1819 933 facultates
1856 872 2197 948 talibusque
2226 891 2360 932 con·

332 960 580 1019 fidentes
626 959 965 1019 auctoribus
1012 959 1296 1018 audemus
1334 961 1739 1021 institutiones
1776 980 1963 1021 novas
2000 980 2359 1038 comparare.

466 1049 661 1125 Igitur
722 1049 876 1107 tales
938 1049 1238 1125 ingressus
1295 1067 1501 1107 eorum
1556 1051 1698 1124 quia
1753 1050 1829 1108 ad
1891 1052 2185 1126 propositi
2244 1053 2361 1110 mei

251 1159 307 1198 10
335 1138 596 1196 rationes
653 1136 1048 1196 animadverti
1101 1140 1491 1212 praeparatos
1506 1182 1521 1211 ,
1574 1138 1714 1196 inde
1758 1139 2041 1197 smnendo
2086 1141 2364 1217 progredi

225 1238 315 1289 (²⁰)
337 1227 523 1302 coepi.
583 1219 591 1307 Ι
650 1245 908 1301 namque
959 1227 1232 1302 primum
1289 1225 1708 1303 Agatharchus
1762 1227 2013 1286 Athenis
2068 1227 2363 1306 Aeschylo

339 1315 584 1374 docente
627 1315 1002 1393 tragoediam
1047 1333 1322 1374 scaenam
1367 1315 1512 1374 fecit
1556 1318 1619 1374 et
1657 1316 1732 1374 de
1770 1334 1840 1373 ea
1876 1319 2367 1376 commentarium

335 1405 595 1480 reliquit.
669 1423 740 1463 ex
777 1423 845 1463 eo
881 1405 1098 1463 moniti
1123 1403 1499 1463 Democritus
1537 1407 1599 1463 et
1624 1403 2012 1482 Anaxagoras
2050 1405 2122 1463 de
2160 1407 2367 1464 eadem

335 1512 399 1552 re
445 1494 822 1568 scripserunt,
870 1493 1367 1569 quemadmodum
1406 1496 1682 1569 oporteat
1723 1493 1800 1551 ad
1837 1494 2026 1552 aciem
2062 1494 2367 1552 oculorum

256 1601 308 1643 15
335 1582 754 1658 radiorumque
793 1583 1190 1641 extentionem
1227 1586 1388 1642 certo
1425 1583 1556 1641 loco
1586 1584 1787 1642 centro
1818 1583 2139 1642 constituto
2176 1582 2364 1642 lineas

228 1681 316 1734 (²5)
335 1673 566 1730 ratione
607 1663 616 1751 Ι
656 1670 920 1730 naturali
962 1671 1332 1747 respondere,
1378 1672 1470 1729 uti
1504 1671 1578 1730 de
1614 1672 1842 1730 incerta
1876 1691 1941 1730 re
1986 1674 2182 1730 certae
2218 1672 2363 1730 ima-

337 1761 503 1838 gines
550 1760 953 1819 aedificium
991 1762 1056 1817 in
1093 1779 1442 1819 scaenarum
1475 1761 1725 1836 picturis
1761 1761 2075 1820 redderent
2110 1760 2367 1835 speciem

337 1851 401 1906 et
447 1868 598 1924 quae
642 1850 707 1906 in
752 1849 992 1908 directis
1035 1849 1353 1924 planisque
1396 1849 1692 1908 frontibus
1739 1850 1860 1908 sint
1902 1849 2187 1927 figurata,
2245 1849 2368 1908 alia

340 1936 718 1997 abscedentia
756 1937 878 1997 alia
905 1937 1306 2014 prominentia
1335 1957 1462 1999 esse
1488 1938 1820 1999 videantur.
1893 1941 2103 2016 postea
2132 1937 2365 1999 Silenus

203 2035 322 2099 159
341 2026 414 2085 de
460 2018 838 2107 symmeltriis
887 2027 1220 2086 doricorum
1265 2027 1454 2087 edidit
1487 2029 1784 2104 volumen,
1832 2028 1902 2086 de
1940 2028 2085 2087 aede
2121 2029 2365 2087 Iunonis

261 2138 310 2176 21
344 2134 496 2191 quae
552 2118 644 2175 est
689 2115 854 2173 Sami
908 2116 1110 2175 dorica
1156 2117 1524 2191 Theodorus,
1578 2118 1652 2176 de
1705 2118 1901 2177 ionica
1946 2116 2170 2193 Ephesi
2216 2136 2367 2193 quae

341 2206 433 2264 est
476 2204 708 2262 Dianae
755 2202 1152 2280 Chersiphron
1207 2209 1268 2265 et
1315 2206 1685 2284 Metagenes,
1740 2206 1813 2265 de
1866 2207 2009 2265 fano
2065 2207 2367 2265 Minervae

341 2293 501 2370 quod
547 2296 639 2352 est
680 2293 893 2352 Priene
938 2294 1198 2353 ionicum
1241 2295 1520 2371 Pytheos,
1566 2296 1712 2354 item
1756 2295 1829 2353 de
1876 2295 2021 2354 aede
2065 2296 2368 2354 Minervae

257 2392 320 2445 (5)
342 2382 544 2441 dorica
580 2401 732 2457 quae
774 2376 782 2460 Ι
823 2385 916 2441 est
950 2382 1202 2442 Athenis
1238 2384 1303 2441 in
1340 2402 1473 2443 arce
1509 2384 1732 2443 Ictinos
1770 2386 1831 2443 et
1867 2382 2143 2460 Carpion,
2181 2384 2367 2443 Theo-

259 2490 314 2531 25
342 2471 519 2530 dorus
556 2471 861 2531 Phocaeus
898 2472 970 2530 de
1016 2472 1182 2531 tholo
1223 2474 1326 2549 qui
1373 2475 1463 2531 est
1499 2472 1766 2549 Delphis,
1810 2473 1985 2532 Philo
2022 2474 2095 2531 de
2132 2473 2369 2531 aedium

341 2578 644 2619 sacrarum
705 2562 1066 2636 symmetriis
1131 2564 1192 2620 et
1255 2562 1326 2619 de
1392 2562 1850 2621 armamentario
1917 2560 2076 2637 quod
2146 2563 2371 2621 fecerat

339 2649 573 2707 Piraeei
626 2652 833 2725 portu,
887 2650 1288 2727 Hermogenes
1346 2650 1417 2709 de
1473 2650 1617 2709 aede
1672 2650 1903 2709 Dianae
1962 2652 2159 2710 ionica
2216 2669 2369 2727 quae

485 2841 519 2889 4
557 2836 686 2890 alus
715 2836 943 2908 (al1{{1s
973 2836 1042 2905 S)
1088 2835 1202 2891 alio
1237 2854 1292 2892 x.
1350 2838 1370 2907 ΙΙ
1425 2841 1456 2889 9
1504 2836 1664 2906 quia:
1711 2839 1901 2907 quae(-
1978 2837 2107 2905 GS)
2152 2855 2194 2892 cc
2239 2839 2368 2907 (que

345 2909 453 2977 θα).
482 2910 502 2977 ΙΙ
530 2914 593 2962 11
629 2910 929 2978 agatarcus
959 2907 1086 2972 HS,
1124 2907 1377 2961 -tharcus
1411 2908 1477 2963 G.
1512 2909 1521 2978 Ι
1554 2907 1778 2977 eschyle
1809 2908 1876 2961 H
1920 2950 1937 2975 ,
1974 2908 2223 2963 aeschilo
2255 2908 2322 2964 G.
2348 2907 2371 2980 ΙΙ

344 2983 410 3031 12
457 2995 743 3035 scaenam:
801 2979 875 3032 ad
896 2995 1129 3033 caenam
1167 2979 1258 3045 H,
1303 2977 1539 3051 adoelna
1589 2978 1659 3047 G,
1714 2978 1787 3033 ad
1810 2995 2073 3034 scaenam
2113 2980 2213 3047 ΗΘ,
2268 2980 2370 3033 ad-

341 3056 510 3105 scena
538 3051 722 3117 Sffic).
764 3052 783 3119 ΙΙ
827 3054 893 3102 15
931 3049 1253 3104 extentione
1284 3050 1412 3105 GS:
1452 3065 1546 3103 -ne
1575 3050 1652 3105 H.
1686 3052 1695 3120 Ι
1725 3049 1933 3105 lineas:
1973 3050 2230 3105 adlineas
2266 3050 2359 3121 εαΙ

343 3126 409 3173 21
449 3120 616 3175 samii
653 3121 722 3174 H
727 3122 797 3187 G,
832 3120 1085 3194 sann<i>
1125 3122 1201 3176 Sc.
1262 3122 1271 3191 Ι
1331 3121 1599 3175 zeodorus
1641 3122 1707 3176 H
1712 3120 1769 3188 S,
1810 3120 2133 3176 zeodoricus
2173 3123 2241 3189 G,
2276 3138 2333 3175 se

341 3210 391 3246 v.
421 3195 456 3246 5
491 3190 796 3246 theodorus
831 3210 886 3247 x.
921 3199 929 3258 Ι
962 3192 1032 3246 de
1069 3191 1280 3246 ionica:
1317 3190 1541 3246 ionicae
1578 3196 1686 3263 (-ce
1715 3192 1783 3261 S)
1820 3210 1875 3249 x.
1912 3195 1932 3263 ΙΙ
1968 3198 2035 3245 22
2075 3192 2196 3261 c(ch
2217 3192 2370 3261 S)re-

343 3261 545 3331 siphon
569 3280 624 3317 ω.
654 3264 672 3331 ΙΙ
701 3269 768 3316 23
795 3263 1026 3333 prienae
1055 3262 1134 3331 H,
1171 3279 1264 3316 -ne
1297 3263 1405 3318 GS
1428 3265 1544 3335 (me
1568 3265 1677 3333 GC).
1724 3265 1795 3330 ef.
1811 3282 1868 3333 p.
1891 3268 1947 3331 8,
1964 3266 2014 3317 4.
2050 3261 2058 3334 Ι
2088 3260 2248 3331 phy(i
2274 3263 2369 3332 G)-

342 3332 460 3387 leos
496 3351 551 3387 x.
594 3336 613 3403 ΙΙ
656 3339 723 3386 24
763 3333 986 3388 doricae
1023 3336 1133 3404 (-ce
1162 3334 1306 3402 SG'0,
1345 3333 1501 3389 dorie
1530 3334 1601 3403 G)
1638 3353 1694 3390 x.
1728 3339 1737 3404 Ι
1768 3334 2007 3389 ictionos
2044 3351 2099 3387 x.
2130 3335 2150 3404 ΙΙ
2177 3339 2244 3387 26
2284 3351 2369 3387 ar-

343 3404 619 3458 mentario
655 3422 710 3458 x.
745 3406 754 3472 Ι
785 3403 1021 3459 fecerat:
1069 3405 1258 3460 fuerat
1292 3424 1348 3460 x.
1404 3408 1424 3475 ΙΙ
1478 3411 1544 3458 27
1582 3405 1705 3475 pi(y
1738 3405 1930 3474 G)raei
1968 3405 2037 3458 H
2043 3406 2116 3471 G,
2150 3404 2296 3475 pirei
2331 3405 2378 3460 S

344 3474 524 3543 (pyrei
555 3476 665 3543 ΘΟ).
700 3477 707 3544 Ι
741 3476 880 3529 deae
913 3478 922 3544 Ι
955 3476 1160 3531 dianae
1196 3485 1324 3533 ante
1361 3494 1497 3533 corr.
1530 3476 1599 3531 H
1600 3478 1723 3547 (L):
1763 3476 1901 3530 deae
1932 3476 1942 3547 Ι
1976 3474 2134 3549 <de>
2165 3476 2371 3530 dianae

344 3544 448 3612 H0,
484 3545 696 3599 deaede
734 3545 900 3619 diane
932 3546 1049 3603 GS.
1103 3555 1112 3617 Ι
1160 3548 1457 3622 ionicae(-e
1488 3548 1556 3618 S)
1592 3566 1648 3603 x.

2402 1066 2466 1114 11

2405 1957 2471 2007 12
