2664 3927
383 95 424 161 8
1232 94 1561 150 VITRUVII

385 247 450 304 in
484 246 670 305 tantis
704 264 906 305 rerum
932 244 1322 305 varietatibus
1361 244 1687 322 elegantias
1725 244 2053 322 singulares
2092 243 2413 319 quisquam

385 335 662 410 consequi
710 337 928 411 potest,
975 334 1133 409 quod
1179 352 1386 392 earum
1429 333 1914 393 ratiocinationes
1952 350 2299 409 cognoscere
2346 335 2413 391 et

281 440 349 488 14
385 424 688 500 percipere
723 424 823 483 vix
869 422 1030 484 cadit
1074 423 1138 480 in
1181 424 1559 498 potestatem.
1630 441 1740 481 nec
1775 423 1977 480 tamen
2014 440 2133 480 non
2168 423 2412 480 tantum
2650 495 2652 504 Ι

387 513 696 572 architecti
741 531 861 571 non
895 515 1146 589 possunt
1180 511 1244 569 in
1282 510 1555 570 omnibus
1591 511 1766 570 rebus
1807 503 1815 591 Ι
1854 510 2072 569 habere
2110 529 2410 569 summum
2428 519 2529 572 (2⁰)

386 603 686 677 effectum,
741 601 845 660 sed
890 599 1074 660 etiam
1117 600 1233 675 ipsi
1282 601 1389 676 qui
1432 600 1718 676 privatim
1760 599 2157 677 proprietates
2201 602 2412 658 tenent
2440 618 2469 660 5

386 691 608 750 artium
661 708 782 748 non
838 689 1102 749 efficiunt
1154 692 1222 747 ut
1274 688 1537 748 habeant
1591 707 1793 748 omnes
1848 680 2159 770 sumlmum
2212 687 2409 747 laudis
2446 697 2489 750 9

385 779 808 856 principatum.
884 797 1023 856 ergo
1061 777 1112 837 si
1156 778 1220 835 in
1265 777 1513 856 singulis
1560 778 1841 837 doctrinis
1887 776 2109 855 singuli
2153 775 2410 836 artifices

386 887 580 944 neque
618 885 819 927 omnes
857 867 960 926 sed
994 866 1175 944 pauci
1211 885 1359 926 aevo
1395 869 1682 943 perpetuo
1718 865 2095 926 nobilitatem
2130 866 2231 924 vix
2270 868 2413 925 sunt

388 957 715 1032 consecuti,
764 955 1264 1032 quemadmodum
1307 958 1508 1031 potest
1552 955 1935 1029 architectus,
1990 955 2099 1031 qui
2142 954 2411 1032 pluribus

388 1045 618 1104 artibus
646 1044 821 1104 debet
849 1064 972 1105 esse
999 1044 1246 1121 peritus,
1273 1063 1393 1104 non
1421 1045 1484 1102 id
1510 1045 1707 1120 ipsum
1732 1043 1949 1102 mirum
1988 1038 1997 1122 Ι
2040 1046 2101 1102 et
2125 1063 2411 1122 magnum
2428 1059 2484 1097 10
2500 1056 2563 1109 (5)
2656 1079 2658 1126 ,

387 1135 583 1193 facere
628 1154 702 1192 ne
749 1133 892 1210 quid
931 1154 1000 1192 ex
1035 1135 1088 1194 is
1123 1134 1409 1210 indigeat,
1453 1133 1557 1192 sed
1593 1133 1776 1192 etiam
1810 1135 1881 1191 ut
1917 1151 2117 1192 omnes
2156 1132 2413 1192 artifices
2656 1129 2658 1146 ²

389 1227 628 1299 superet
675 1223 780 1299 qui
835 1223 1084 1301 singulis
1130 1222 1415 1283 doctrinis
1471 1222 1895 1281 adsiduitatem
1940 1241 2073 1280 cum
2115 1221 2413 1281 industria

283 1325 351 1375 15
390 1330 620 1372 summa
672 1313 1116 1388 praestiterunt.
1215 1311 1404 1388 igitur
1457 1311 1521 1369 in
1578 1311 1691 1370 hac
1744 1331 1807 1370 re
1861 1311 2121 1386 Pytheos
2187 1328 2412 1370 errasse

389 1401 626 1461 videtur
671 1401 832 1476 quod
885 1419 1006 1460 non
1061 1398 1488 1459 animadvertit
1532 1419 1603 1458 ex
1648 1400 1876 1459 duabus
1920 1399 2099 1458 rebus
2144 1399 2411 1478 singulas

389 1493 548 1550 artes
595 1509 721 1550 esse
769 1488 1144 1565 compositaS,
1190 1508 1260 1547 ex
1298 1507 1474 1564 opere
1514 1492 1573 1547 et
1608 1488 1735 1548 eius
1774 1488 2245 1548 ratiocinatione.
2287 1481 2296 1570 Ι
2339 1508 2410 1546 ex
2422 1502 2476 1542 15
2490 1502 2577 1552 (10)

387 1580 482 1638 his
538 1581 741 1638 autem
795 1597 980 1636 unum
1033 1577 1343 1653 proprium
1398 1580 1489 1637 est
1544 1596 1747 1636 eorum
1794 1578 1897 1653 qui
1942 1577 2195 1654 singulis
2240 1577 2416 1636 rebus

390 1669 530 1726 sunt
585 1666 918 1741 exercitati,
972 1666 1036 1724 id
1090 1669 1180 1725 est
1225 1666 1421 1743 operis
1477 1667 1744 1742 effectus,
1800 1667 2054 1725 alterum
2106 1686 2415 1727 commune

391 1775 525 1814 cum
579 1755 851 1814 omnibus
905 1755 1119 1830 doctis,
1181 1755 1246 1812 id
1300 1758 1393 1815 est
1444 1755 1847 1831 ratiocinatiO,
1911 1756 2001 1814 uti
2057 1755 2299 1814 medicis
2355 1759 2417 1814 et

390 1845 630 1903 musicis
679 1845 770 1902 est
814 1844 886 1902 de
921 1863 1207 1904 venarum
1251 1844 1491 1920 rythmo
1538 1847 1598 1902 et
1644 1844 1722 1902 ad
1765 1844 1977 1920 pedem
2020 1847 2209 1918 motu,
2254 1848 2319 1903 at
2365 1844 2416 1903 si

389 1933 606 1993 vulnus
651 1933 876 1993 mederi
919 1935 1025 1992 aut
1069 1951 1316 2011 aegrum
1363 1933 1589 2011 eripere
1634 1933 1706 1992 de
1750 1933 2017 2009 periculo
2065 1933 2414 2011 oportuerit,
2444 1955 2501 1995 eo
2662 1928 2664 2000 ἓ

391 2042 512 2082 non
567 2022 805 2082 accedet
857 2015 1159 2104 mulsicuS,
1214 2022 1316 2081 sed
1370 2023 1434 2081 id
1480 2041 1629 2099 opus
1674 2023 1983 2099 proprium
2028 2024 2141 2082 erit
2184 2023 2414 2081 medici.
2434 2036 2528 2087 (15)
2662 2028 2664 2049 ¹

38 2139 42 2160 ·
391 2112 538 2170 item
582 2112 646 2169 in
693 2129 914 2189 organo
959 2130 1080 2171 non
1123 2111 1387 2171 medicus
1432 2112 1536 2171 sed
1579 2112 1839 2171 musicus
1882 2111 2304 2186 modulabitur,
2346 2115 2417 2171 ut

38 2167 44 2274 ξ
287 2215 356 2263 16
395 2219 566 2259 aures
621 2218 790 2259 suam
844 2199 1216 2259 cantionibus
1261 2201 1556 2277 recipiant
1598 2200 2047 2260 iucunditatem.
2140 2200 2416 2259 similiter

38 2277 45 2396 i
394 2308 529 2349 cum
593 2289 907 2366 astrologis
972 2292 1033 2347 et
1094 2288 1335 2347 musicis
1400 2292 1491 2349 est
1553 2289 1880 2365 disputatio
1945 2289 2269 2349 communis
2342 2290 2413 2348 de

395 2377 733 2453 sympathia
802 2378 1110 2436 stellarum
1177 2380 1240 2437 et
1303 2378 1792 2454 symphoniarum
1856 2379 1920 2436 in
1982 2378 2291 2454 quadratis
2356 2381 2415 2437 et
2440 2398 2497 2439 25

393 2466 646 2543 trigonis
692 2466 1061 2526 diatessaron
1098 2469 1159 2526 et
1195 2466 1492 2542 diapente,
1532 2458 1541 2548 Ι
1583 2469 1645 2525 et
1678 2467 1995 2545 geometris
2034 2467 2105 2526 de
2141 2467 2275 2527 visu
2312 2467 2415 2543 qui
2434 2477 2525 2530 (2⁰)

394 2574 604 2633 graece
642 2554 837 2627 λογο(
874 2572 1131 2615 οπτικοε
1171 2556 1529 2631 appellatur,
1568 2551 1577 2633 Ι
1619 2556 1946 2631 ceterisque
1976 2555 2245 2615 omnibus
2282 2553 2414 2615 doc·
2444 2564 2525 2620 10

540 2731 566 2778 1
617 2724 917 2796 eligantias
953 2743 996 2780 ω
1039 2727 1139 2795 (sic
1183 2726 1347 2780 etiam
1383 2728 1479 2793 8⁷,
1503 2728 1543 2780 2
1576 2732 1628 2780 et
1663 2725 1732 2779 H
1762 2729 1835 2779 36
1880 2728 2138 2793 17:145,
2156 2727 2247 2779 21.
2291 2725 2417 2779 item

399 2797 452 2853 G
488 2802 582 2865 86,
610 2800 684 2852 12
717 2829 788 2837 -
823 2799 916 2853 sea
971 2796 1314 2867 elegantiam
1360 2802 1451 2865 10,
1480 2800 1515 2850 3
1550 2798 1624 2865 ω).
1681 2798 1702 2867 ιι
1755 2802 1787 2850 e
1837 2768 2039 2850 laudes
2090 2797 2161 2865 (a.
2199 2797 2266 2864 ο.)
2293 2796 2369 2850 Η.
2398 2795 2418 2867 ιι

398 2892 462 2940 11
501 2885 551 2940 is
580 2885 644 2941 S:
680 2884 769 2939 his
807 2885 936 2941 HG
971 2891 1023 2940 et
1076 2885 1175 2941 um·
1211 2869 1355 2955 exis)
1391 2884 1467 2941 sc.
1495 2888 1515 2955 fl
1543 2891 1610 2939 12
1648 2884 1749 2955 qui
1783 2884 1921 2939 HS:
1960 2869 2117 2953 qlfin
2150 2884 2199 2939 s
2226 2884 2307 2953 (ia
2342 2890 2419 2938 est

396 2956 535 3026 quin
569 2958 626 3025 S,
671 2956 770 3025 qui
813 2956 874 3009 in
909 2956 1009 3025 ff),
1128 2955 1226 3024 qui
1257 2957 1324 3012 G.
1354 2958 1375 3025 ΙΙ
1408 2963 1474 3011 16
1511 2958 1617 3013 est:
1670 2971 1792 3011 esse
1829 2958 1919 3025 (ῖό
1957 2956 2087 3025 GS)
2122 2972 2177 3010 ω.
2210 2954 2221 3027 Ι
2251 2955 2417 3009 rebus

397 3046 497 3084 om.
538 3028 582 3083 S
625 3028 826 3098 (suppl.
866 3025 976 3095 δ’).
1031 3029 1051 3094 ΙΙ
1105 3032 1172 3080 18
1219 3027 1441 3082 ratione
1487 3029 1601 3097 (me
1646 3028 1715 3097 S)
1760 3044 1812 3082 x.
1867 3030 1887 3097 ΙΙ
1944 3033 2008 3081 19
2058 3028 2167 3081 est:
2218 3025 2266 3079 ὣ
2305 3043 2362 3081 ω.
2405 3026 2413 3097 Ι

395 3099 630 3170 pythmo
675 3117 714 3152 ω
762 3099 875 3167 (sed
917 3114 1090 3167 supra
1126 3098 1190 3152 ΒΘ
1233 3101 1260 3151 t
1303 3097 1547 3169 rithmo).
1599 3100 1609 3170 Ι
1656 3098 1860 3168 pedem
1904 3100 2089 3152 motus
2128 3098 2217 3165 H,
2269 3097 2419 3167 pedu

395 3172 583 3225 motus
626 3170 731 3226 GS
760 3171 824 3238 (e.
862 3167 1220 3222 metricorum
1254 3186 1429 3238 supra
1456 3170 1586 3225 add.
1624 3169 1719 3239 ff).
1754 3172 1763 3239 Ι
1796 3170 1880 3224 at:
1918 3170 1983 3223 ut
2018 3185 2071 3223 ω.
2115 3172 2135 3239 11
2176 3174 2243 3222 23
2281 3184 2417 3221 suae

398 3243 518 3314 (sue
567 3239 696 3310 ΘΒ)
738 3257 794 3295 x.
854 3239 864 3309 Ι
922 3237 1331 3294 iocunditatem
1385 3241 1504 3310 (sic)
1558 3242 1715 3295 semel
1768 3240 1839 3295 Η
1894 3242 2119 3311 (sempe-r
2154 3239 2361 3309 ΒΕΘ).
2398 3238 2420 3311 Π

397 3316 468 3365 25
506 3310 787 3365 stillarum
822 3316 951 3366 ante
985 3327 1121 3365 corr.
1151 3310 1212 3364 H
1247 3312 1330 3381 (ut
1364 3314 1494 3380 230,
1513 3315 1581 3365 11
1620 3310 1707 3379 H,
1744 3313 1841 3381 qui
1876 3310 2112 3366 staellae
2148 3313 2277 3378 232,
2296 3312 2371 3380 8).
2401 3317 2417 3375 Ιι

399 3386 467 3439 26
504 3381 742 3452 trigonis
783 3382 908 3439 GS:
954 3378 1193 3435 tridonis
1231 3382 1305 3435 H.
1349 3384 1360 3451 Ι
1400 3383 1459 3436 et
1494 3400 1547 3451 g.
1588 3380 1656 3436 de
1692 3380 1843 3438 visu:
1891 3398 1925 3435 a
1961 3401 2015 3453 g.
2055 3380 2269 3435 divisus
2306 3399 2361 3436 x.
2398 3380 2419 3453 ΙΙ

399 3458 467 3506 27
505 3452 665 3522 logos
702 3453 918 3522 opticos
950 3470 1004 3508 ω.
1047 3456 1056 3524 Ι
1097 3451 1384 3522 appellat>
1413 3454 1481 3509 H
1502 3480 1570 3498 =
1600 3452 1854 3523 apellat2
1896 3454 1954 3521 S,
1998 3451 2318 3523 appellatur
2348 3452 2416 3507 G.
