2664 3927
333 172 422 237 20
1175 170 1506 225 vrrnuvn

335 321 639 382 venientes
695 321 847 379 alius
895 320 1080 379 alium
1135 320 1259 379 sine
1313 320 1680 395 inpeditione
1736 322 2059 396 praeterire
2105 321 2354 397 possint.

333 414 466 470 tum
516 409 582 469 in
626 409 1015 469 crassitudine
1059 410 1383 485 perpetuae
1438 409 1633 468 taleae
1680 410 2023 487 oleagineae
2075 410 2355 469 ustilatae

338 518 519 575 quam
571 498 920 558 creberrime
972 499 1373 571 insinuantur,
1430 498 1524 555 uti
1577 501 1864 575 utraeque
1920 498 2078 557 muri
2129 500 2356 558 frontes

336 588 495 647 inter
539 606 619 662 se,
666 586 1161 664 quemadmodum
1194 585 1410 661 fibulis,
1455 586 1547 645 his
1583 587 1758 645 taleis
1798 588 2129 664 conligatae
2169 590 2356 646 aeter-

335 695 482 735 nam
524 677 787 753 habeant
831 676 1190 734 firmitatem.
1281 693 1540 750 namque
1586 675 1642 734 ei
1686 676 1973 735 materiae
2020 695 2127 735 nec
2176 676 2363 735 caries
2393 696 2418 737 5

341 756 482 847 {nec
527 767 912 841 tempestates
957 782 1064 822 nec
1099 766 1370 824 vetustas
1416 767 1615 839 potest
1658 782 1884 841 nocere,
1932 764 2035 824 sed
2077 784 2147 824 ea
2194 768 2254 824 et
2299 767 2363 823 in
2384 777 2473 828 (25)

275 874 280 878 ·
337 858 500 913 terra
553 854 768 913 obruta
826 856 888 912 et
940 853 1004 911 in
1058 871 1219 929 aqua
1274 852 1584 913 conlocata
1644 858 1955 928 permanet
2018 854 2144 913 sine
2200 854 2366 913 vitiis

335 943 508 1001 utilis
565 943 941 1019 sempiterno.
1031 942 1236 1017 itaque
1289 961 1411 1001 non
1468 942 1659 1001 solum
1713 942 1775 1000 in
1820 961 1989 1002 muro
2036 943 2138 1003 sed
2184 942 2367 1001 etiam

339 1032 404 1089 in
467 1029 1006 1091 substructionibus
1070 1030 1290 1107 quique
1353 1030 1613 1106 parietes
1685 1032 1903 1090 murali
1976 1031 2364 1091 crassitudine

341 1122 518 1179 erunt
568 1120 832 1181 faciundi
884 1119 996 1179 hac
1050 1119 1282 1179 ratione
1337 1119 1579 1197 religati
1633 1138 1753 1179 non
1812 1122 1930 1180 cito
1976 1120 2367 1180 vitiabuntur.
2399 1143 2452 1182 10

270 1224 309 1273 4
344 1210 662 1269 intervalla
703 1203 710 1287 Ι
753 1212 956 1268 autem
1001 1209 1260 1267 turrium
1303 1208 1395 1267 ita
1436 1210 1576 1267 sunt
1610 1209 1884 1267 facienda
1920 1212 1990 1267 ut
2024 1229 2099 1268 ne
2135 1209 2369 1285 longius
2398 1219 2477 1273 22

347 1298 428 1359 sit
473 1298 594 1357 alia
639 1298 714 1356 ab
761 1298 882 1356 alia
927 1298 1186 1374 sagittae
1229 1296 1546 1372 missionis,
1592 1297 1686 1355 uti
1730 1298 1781 1356 si
1825 1317 1943 1373 qua
1979 1302 2373 1375 oppugnetur,

349 1390 483 1448 tum
529 1406 566 1445 a
610 1387 874 1445 turribus
921 1405 1073 1461 quae
1121 1389 1294 1445 erunt
1340 1386 1547 1445 dextra
1584 1404 1654 1445 ac
1690 1386 1931 1445 sinistra
1968 1387 2373 1463 scorpionibus

349 1476 716 1552 reliquisque
761 1475 1015 1534 telorum
1066 1474 1445 1533 missionibus
1490 1475 1689 1533 hostes
1735 1476 2072 1534 reiciantur.
2165 1477 2371 1535 etiam-

354 1584 470 1641 que
518 1568 724 1624 contra
769 1556 1073 1645 inlteriora
1127 1562 1383 1621 turrium
1428 1562 1780 1622 dividendus
1828 1567 1919 1623 est
1951 1583 2154 1623 murus
2191 1565 2372 1624 inter-
2389 1580 2438 1621 ιε
2454 1578 2514 1630 (5)

352 1653 530 1714 vallis
592 1657 719 1712 tam
780 1651 1013 1728 magnis
1079 1670 1260 1727 quam
1323 1654 1500 1711 erunt
1561 1655 1752 1711 turres
1766 1698 1781 1726 ,
1845 1656 1913 1711 ut
1972 1652 2189 1713 itinera
2253 1653 2375 1713 sint

353 1740 738 1800 interioribus
792 1740 1062 1817 partibus
1117 1741 1372 1798 turrium
1428 1740 1798 1817 contignata,
1854 1760 2045 1818 neque
2100 1751 2171 1801 e'a
2215 1744 2372 1802 ferro

349 1829 487 1888 fixa.
577 1829 768 1889 hostis
814 1829 973 1888 enim
1029 1828 1081 1888 si
1127 1848 1306 1905 quam
1350 1832 1585 1905 partem
1628 1831 1781 1888 muri
1830 1831 2225 1906 occupaverit,
2271 1833 2373 1907 qui

352 1918 775 1997 repugnabunt
835 1918 1172 1978 rescindent
1237 1921 1297 1978 et
1362 1918 1412 1978 si
1476 1918 1746 1978 celeriter
1810 1918 2375 1998 administraverint,

348 2025 471 2066 non
529 2007 839 2084 patientur
890 2008 1152 2084 reliquas
1206 2011 1410 2084 partes
1473 1999 1744 2088 turlrium
1806 2009 2077 2085 murique
2145 2011 2535 2074 host-‚emouoe
2648 2061 2653 2086 ,

351 2099 691 2172 penetrare,
763 2096 880 2154 nisi
949 2115 1011 2155 se
1073 2097 1332 2157 voluerit
1395 2097 1809 2173 praecipitare.
1915 2103 2109 2158 turres
2171 2100 2375 2176 itaque

281 2199 318 2248 5
355 2185 644 2244 rotundae
691 2189 798 2242 aut
840 2186 1198 2262 polygoniae
1247 2189 1388 2245 sunt
1431 2185 1753 2280 faciendae.
1848 2188 2171 2262 quadratas
2218 2189 2375 2246 enim

488 2378 520 2425 2
551 2374 698 2426 tum:
730 2371 862 2426 dum
887 2391 943 2428 ω.
968 2372 976 2444 Ι
1000 2371 1212 2428 taleae:
1243 2371 1476 2426 tabulae
1503 2389 1558 2427 x.
1586 2374 1607 2442 ΙΙ
1634 2377 1666 2425 3
1696 2373 2072 2428 creberrimae
2092 2373 2159 2427 H
2172 2401 2239 2419 =
2261 2389 2375 2428 -me

348 2462 492 2530 (adv.
530 2463 646 2516 sine
683 2464 827 2530 unc.)
858 2460 975 2517 68.
1004 2463 1022 2531 11
1051 2466 1082 2514 5
1119 2460 1477 2532 ηθοοῌοατιεΐ
1501 2461 1600 2530 Hc,
1634 2443 1739 2532 ne‘c
1790 2461 1935 2517 aries
1966 2464 2057 2530 ΘΟ,
2090 2461 2375 2518 neccaries

351 2531 408 2588 S.
455 2532 474 2602 ΙΙ
520 2537 552 2585 6
593 2533 958 2602 tempestates
997 2531 1132 2587 HS:
1180 2535 1292 2586 -tas
1334 2533 1401 2588 G.
1447 2535 1467 2602 ΙΙ
1514 2537 1544 2584 ’7
1582 2536 1876 2602 permanet
1915 2535 1989 2589 G:
2034 2535 2196 2588 -nent
2231 2535 2294 2588 H
2328 2542 2380 2590 et

353 2604 472 2672 (ubi
517 2602 707 2671 utiles)
745 2604 798 2658 S.
853 2605 872 2672 fl
930 2609 994 2655 12
1043 2604 1256 2674 sagitta
1301 2602 1615 2658 emissionis
1652 2623 1707 2661 x.
1762 2608 1781 2675 ΙΙ
1839 2610 1904 2658 13
1950 2621 2016 2658 ac
2062 2621 2163 2659 om.
2209 2623 2250 2659 x
2296 2611 2380 2667 (ut

354 2677 452 2743 29,
479 2676 550 2744 5).
590 2677 609 2745 ΙΙ
648 2679 715 2727 14
749 2673 929 2728 hostis
967 2691 1019 2728 a.
1049 2691 1091 2729 c.
1132 2675 1208 2728 H.
1247 2676 1265 2743 ss
1305 2680 1371 2728 15
1408 2674 1698 2730 inferiores
1734 2695 1789 2731 ω.
1827 2678 1845 2746 ΙΙ
1881 2681 1949 2728 22
1984 2676 2264 2730 rutundae
2300 2679 2380 2745 H,

356 2746 456 2816 qui
509 2747 589 2801 sic
625 2775 691 2784 ——
731 2747 858 2800 item
910 2745 1256 2814 rutunditas,
1320 2747 1625 2800 rutundare
1638 2791 1651 2817 ‚
1707 2745 2035 2801 rutundatio
2072 2777 2139 2786 —-
2177 2765 2382 2818 semper

299 2829 306 2834 ’
355 2817 503 2871 solus
540 2819 692 2885 (raro
726 2823 975 2886 sequente
1011 2833 1122 2872 ωηο
1150 2816 1222 2885 L,
1256 2824 1321 2872 ut
1349 2834 1407 2886 p.
1436 2821 1569 2886 208,
1590 2823 1641 2872 6.
1678 2821 1917 2885 243‚26.
1952 2821 2082 2885 271,
2102 2820 2207 2888 14).
2262 2821 2379 2875 scil.

355 2905 383 2941 e
413 2890 487 2941 37
516 2888 646 2942 locis
683 2889 820 2956 (ind.
850 2888 1037 2958 Nohl.)
1074 2890 1393 2960 eorriyendo
1430 2890 1533 2943 litt.
1563 2906 1602 2943 u
1637 2891 1701 2944 in
1736 2905 1769 2942 o
1796 2895 2046 2944 mutatur
2070 2890 2159 2944 his
2184 2897 2379 2960 septem

355 2960 451 3026 22,
472 2962 555 3014 11.
578 2962 666 3012 13.
706 2963 798 3027 66,
814 2964 868 3014 2.
887 2962 938 3012 4.
979 2963 1137 3027 79,4.
1178 2963 1268 3027 94,
1285 2964 1337 3014 4.
1360 2963 1410 3014 6.
1448 2959 1820 3014 1·&undationi
1854 2961 2051 3032 leyitur
2073 2964 2168 3029 25,
2185 2965 2263 3016 26
2288 2961 2377 3030 (cf.

351 3028 472 3086 ital.
495 3026 757 3099 ritondo).
813 3036 873 3085 at
899 3031 1035 3153 §sine
1061 3047 1217 3098 corr„
1243 3038 1308 3085 ut
1334 3032 1571 3100 videtwr)
1601 3047 1634 3084 o
1662 3048 1774 3086 non
1804 3033 2003 3103 leyitur
2028 3033 2141 3086 nisi
2168 3033 2379 3087 duobus

347 3101 445 3167 29,
461 3102 502 3152 2
525 3107 578 3156 ct
604 3102 732 3169 264,
755 3105 806 3155 6.
864 3117 899 3154 a
921 3101 1410 3156 teratutunditatis
1438 3100 1509 3155 H
1535 3105 1665 3169 252,
1686 3105 1757 3156 13
1792 3109 1859 3157 ut
1892 3108 2142 3171 repetunt
2170 3103 2223 3157 L
2250 3109 2302 3158 et
2328 3103 2386 3156 P

355 3171 396 3235 (l
423 3201 491 3210 —
519 3172 613 3227 sed
639 3188 776 3226 corr.
805 3175 856 3239 c)
893 3189 959 3226 ea:
985 3172 1066 3239 H,
1101 3175 1184 3226 ita
1219 3190 1288 3228 ex
1321 3174 1633 3242 antiquiore
1668 3175 1818 3240 fonte
1850 3173 1902 3229 G
1933 3174 2069 3242 (qui,
2104 3181 2168 3228 ut
2196 3173 2381 3241 EPS,

350 3240 468 3309 ipse
503 3259 802 3314 numquam
835 3244 995 3299 habet
1029 3246 1140 3311 ru-)
1175 3245 1256 3300 sic
1291 3245 1527 3300 scribens
1563 3242 1745 3298 altera
1778 3243 2224 3298 rotutunditatis.
2297 3247 2378 3300 sic

355 3311 520 3365 ctiam
545 3315 609 3367 im
634 3315 1012 3383 amtiqudssimo
1031 3315 1217 3369 Plinii
1235 3315 1506 3385 Auyiensi
1530 3331 1737 3384 semper
1761 3333 1851 3369 ru-
1882 3320 1971 3383 11,
1982 3319 2109 3369 275.
2141 3318 2231 3383 12,
2249 3319 2377 3370 127.

353 3383 444 3448 13,
462 3383 550 3436 47.
593 3387 675 3450 14,
697 3387 770 3438 30
805 3387 916 3454 (sed
952 3390 1040 3454 11,
1058 3388 1133 3439 58
1169 3384 1573 3440 rotonditatem
1598 3387 1724 3456 εἰσὶ)
1761 3394 1854 3443 etc.
1917 3387 2046 3441 item
2072 3386 2187 3440 cod.
2216 3387 2377 3442 Mar-

351 3451 550 3505 cianus
596 3453 764 3510 SRR.
815 3461 865 3510 et
899 3456 1148 3512 Lucretii
1189 3463 1311 3512 vett.
1359 3457 1428 3525 cf.
1468 3457 1795 3513 Lachmann
1842 3459 1919 3512 ad
1961 3455 2129 3512 Lucr.
2166 3459 2223 3526 2,
2250 3461 2377 3514 402.

355 3515 491 3574 Keil
525 3523 600 3576 ad
637 3523 752 3579 Cat.
782 3542 843 3593 p.
883 3530 954 3581 43
990 3533 1042 3582 et
1076 3529 1152 3582 ad
1197 3528 1358 3582 Varr.
1389 3545 1451 3597 p.
1490 3532 1541 3583 6.
1576 3533 1585 3598 Ι
1615 3528 1793 3599 poly(i
1821 3529 2068 3599 S)gonea
2102 3545 2159 3583 ω.
