2664 3927
840 133 937 188 DE
975 133 1534 189 AucmTEcTURA
1568 135 1703 190 ΗΒ.
1739 136 1833 206 111,
1874 142 1901 189 1
2294 137 2383 201 63

369 285 598 344 Socrati
661 286 886 361 placuit
949 286 1001 344 si
1063 285 1151 344 ita
1213 303 1417 345 sensus
1483 288 1545 345 et
1597 286 1924 346 sententiae
1983 287 2383 362 scientiaeque

364 373 692 450 disciplinis
747 379 960 434 auctae
1012 375 1363 451 perspicuae
1418 377 1478 433 et
1529 375 1869 451 perlucidae
1920 376 2199 450 fuissent,
2261 394 2381 435 non

364 465 560 541 gratia
612 483 805 539 neque
860 463 1107 523 ambitio
1160 463 1411 540 valeret,
1468 463 1570 523 sed
1624 465 1676 524 si
1733 464 1835 540 qui
1878 465 2032 523 veris
2086 465 2381 541 certisque

257 562 344 615 (1⁰)
363 551 664 612 laboribus
701 543 1122 634 docti-ilnarum
1156 552 1563 628 pervenissent
1600 553 1676 611 ad
1716 553 2025 612 scientiam
2070 571 2380 629 summam,

310 662 335 702 5
365 643 448 700 eis
495 643 654 700 ultro
701 660 882 717 opera
926 641 1314 700 traderentur.
1390 642 1670 718 quoniam
1716 645 1917 701 autem
1962 661 2030 700 ea
2074 660 2193 700 non
2240 646 2380 701 sunt

360 730 638 790 inlustria
691 748 882 806 neque
939 731 1286 806 apparentia
1335 730 1399 788 in
1446 734 1715 807 aspectu,
1768 734 1837 790 ut
1881 734 2159 806 putamus
2207 750 2378 807 opor·

361 821 564 893 tuisse,
611 822 672 877 et
717 818 1121 878 animadverto
1166 819 1369 893 potius
1414 818 1683 879 indoctos
1723 839 1903 896 quam
1938 819 2141 880 doctos
2184 820 2377 896 gratia

363 927 659 985 superare,
703 927 822 966 non
868 926 994 966 esse
1039 907 1387 966 certandum
1429 908 1694 968 iudicans
1732 929 1867 968 cum
1901 909 2153 969 indoctis
2193 909 2376 968 ambi·

256 1009 342 1062 (15)
360 998 540 1072 tione,
565 996 765 1072 potius
793 997 885 1055 his
911 988 1262 1078 praelceptis
1292 995 1466 1056 editis
1496 997 1803 1056 ostendam
1829 1002 2067 1058 nostrae
2096 998 2377 1058 scientiae

281 1109 336 1147 10
360 1087 661 1146 virtutem.

492 1174 722 1249 Itaque,
767 1174 1114 1249 imperator,
1167 1173 1232 1231 in
1286 1172 1480 1248 primo
1524 1174 1824 1233 volumine
1866 1174 1980 1233 tibi
2025 1175 2098 1234 de
2145 1180 2271 1235 arte
2318 1178 2377 1234 ct
2411 1193 2449 1240 4

364 1281 508 1339 quas
553 1263 769 1332 habeat
806 1281 874 1322 ea
908 1263 1160 1321 virtutes
1200 1261 1534 1338 quibusque
1574 1261 1902 1338 disciplinis
1941 1267 2215 1339 oporteat
2252 1281 2377 1324 esse

361 1354 603 1411 auctum
657 1352 1044 1411 architectum
1097 1351 1367 1427 exposui,
1435 1354 1494 1410 et
1548 1351 1771 1410 subieci
1824 1369 2034 1411 causas
2091 1353 2234 1427 quid
2286 1352 2375 1411 ita

361 1460 564 1500 earum
625 1443 899 1517 oporteat
962 1460 1098 1498 eum
1151 1458 1278 1499 esse
1330 1441 1616 1516 peritum,
1679 1440 2057 1516 rationesque
2110 1459 2375 1500 summae

199 1542 348 1594 (sous
361 1522 804 1612 architectuffrae
849 1530 1171 1605 partitione
1209 1529 1487 1588 distribui
1520 1528 2008 1604 finitionibusque
2041 1529 2375 1588 terminavi.

359 1619 566 1680 deinde
623 1619 781 1695 quod
846 1621 975 1678 erat
1026 1618 1284 1694 primum
1340 1621 1399 1677 et
1452 1619 1873 1693 necessarium,
1937 1617 2008 1676 de
2070 1617 2374 1677 moenibus

360 1708 856 1784 quemadmodum
901 1707 1199 1784 eligantur
1234 1707 1351 1767 loci
1388 1706 1651 1767 salubres
1686 1706 2241 1766 ratiocinationibus
2280 1725 2373 1765 ex-

357 1797 568 1872 plicui,
611 1798 893 1872 ventique
939 1796 1041 1871 qui
1088 1795 1210 1856 sint
1255 1799 1314 1854 et
1362 1815 1392 1854 e
1440 1795 1651 1872 quibus
1697 1791 2117 1874 <regionibus>
2154 1795 2375 1873 singuli

361 1885 586 1960 spirent
612 1884 1137 1943 deformationibus
1167 1885 1505 1961 grammicis
1545 1885 1793 1960 ostendi,
1828 1886 2279 1961 platearumque
2316 1888 2375 1943 et

197 1974 623 2038 (smovicorum
649 1974 742 2032 uti
769 1973 1074 2033 emendate
1107 1965 1116 2055 Ι
1145 1973 1294 2033 fiant
1319 1974 1766 2035 distributiones
1789 1976 1854 2034 in
1873 1975 2179 2034 moenibus
2202 1975 2375 2035 docui

361 2066 421 2121 et
455 2063 542 2120 ita
577 2061 907 2121 finitionem
940 2062 1133 2139 primo
1161 2064 1460 2123 volumine
1489 2064 1790 2123 constitui.
1854 2065 1999 2123 item
2026 2064 2091 2122 in
2116 2064 2373 2124 secundo

358 2152 429 2209 de
482 2150 732 2210 materia
788 2170 932 2227 quas
986 2151 1206 2211 habeat
1259 2152 1324 2210 in
1374 2152 1647 2229 operibus
1702 2153 1997 2213 utilitates
2052 2156 2113 2212 et
2159 2152 2371 2229 quibus

358 2240 678 2299 virtutibus
727 2258 758 2298 e
801 2244 1016 2299 natura
1061 2260 1258 2300 rerum
1301 2242 1383 2300 sit
1428 2244 1771 2318 comparata
1816 2242 2032 2318 peregi.
2110 2260 2265 2300 nunc
2309 2242 2373 2300 in

355 2330 535 2389 tertio
581 2328 654 2387 de
699 2328 942 2387 deorum
985 2329 1395 2389 inmortalium
1440 2329 1683 2390 aedibus
1726 2331 1905 2390 sacris
1952 2330 2147 2389 dicam
2183 2333 2244 2390 et
2278 2332 2373 2390 uti

198 2429 346 2482 (sons
358 2422 596 2495 oportet
639 2418 996 2494 perscriptas
1043 2410 1365 2499 exflponam.

250 2517 326 2572 65
492 2499 780 2590 {Aedium
815 2507 1162 2583 compositio
1201 2510 1436 2567 constat
1473 2527 1541 2567 ex
1578 2508 1941 2584 symmetria,
1987 2509 2151 2568 cuius
2186 2510 2367 2569 ratio·
2405 2516 2433 2569 Ι

355 2616 491 2655 nem
553 2596 1004 2673 diligentissime
1068 2596 1377 2655 architecti
1439 2600 1639 2655 tenere
1703 2596 1931 2656 debent.
2037 2615 2107 2656 ea
2170 2600 2371 2656 autem

351 2686 586 2761 paritur
628 2704 666 2745 a
701 2686 1102 2761 proportione,
1148 2703 1300 2761 quae
1338 2704 1547 2765 graece
1584 2684 1896 2757 αναλογια
1932 2685 2163 2744 dicitur.
2237 2706 2369 2761 pro-

352 2775 548 2850 portio
597 2778 687 2833 est
728 2778 898 2833 ratae
942 2774 1131 2849 partis
1176 2772 1573 2833 membrorum
1624 2774 1689 2831 in
1735 2775 1889 2833 omni
1940 2792 2115 2850 opere
2160 2775 2369 2833 totius-

493 2967 528 3015 4
566 2961 944 3043 doctrinarum
971 2961 1041 3015 H
1043 2960 1281 3016 80147θῆ
1329 2977 1485 3043 -nam
1515 2961 1586 3029 G,
1622 2978 1721 3015 -na
1749 2961 1793 3017 S
1823 2963 1940 3043 (abi
1974 2967 2040 3015 ru
2076 2964 2141 3016 in
2165 2978 2275 3017 ras.
2305 2961 2371 3016 15¹⁰

343 3051 452 3104 pro
488 3036 562 3105 p).
619 3035 637 3103 ΙΙ
694 3039 759 3087 15
794 3034 1124 3117 partitione-2
1166 3034 1461 3103 paratione
1490 3032 1542 3088 S.
1600 3035 1619 3102 ΙΙ
1675 3038 1737 3087 17
1775 3030 1914 3117 locis
1950 3052 2006 3087 x.
2058 3034 2065 3103 Ι
2116 3032 2367 3114 salubres

352 3104 568 3160 HEG:
625 3104 866 3159 salubris
905 3105 950 3159 S
999 3106 1116 3173 (ubi
1167 3120 1343 3174 supra
1377 3102 1445 3159 δ”
1496 3102 1589 3157 vel
1641 3103 1747 3158 bus
1790 3123 1828 3158 ι.
1866 3122 1909 3159 e.
1956 3104 2311 3173 salubribus).
2354 3103 2363 3175 Ι

351 3193 928 3262 ratiotinationibusq,
947 3193 992 3249 S
1011 3193 1124 3262 (sed
1149 3200 1202 3261 (ἶ,
1231 3193 1332 3247 del.
1355 3191 1455 3261 δ”).
1486 3194 1505 3262 ΙΙ
1534 3197 1599 3246 18
1628 3192 1744 3247 sint
1770 3193 1840 3247 H
1842 3194 1902 3247 E
1911 3192 1986 3248 G:
2017 3194 2148 3246 sunt
2174 3180 2245 3262 (Γ)
2273 3191 2325 3247 S.
2353 3192 2361 3264 Ι

351 3281 674 3352 regionibus
702 3284 828 3338 add.
847 3284 962 3338 Joc.
991 3284 1012 3352 ΙΙ
1041 3287 1106 3335 19
1127 3280 1346 3353 spirant
1361 3298 1415 3335 x.
1451 3283 1459 3352 Ι
1491 3280 1875 3351 grammaticis
1892 3299 1947 3335 ω.
1975 3282 1995 3351 ΙΙ
2024 3286 2089 3335 25
2110 3282 2367 3350 oporteat

349 3371 406 3409 x.
451 3356 472 3423 u
516 3358 582 3407 27
621 3354 801 3407 teneri
830 3354 906 3407 H.
951 3355 972 3423 u
1018 3358 1085 3407 28
1122 3352 1377 3422 paritura
1414 3354 1705 3423 (paratura
1734 3354 1818 3422 E)
1861 3350 2217 3422 proportione
2253 3369 2309 3407 x.
2351 3352 2359 3423 Ι

351 3424 618 3496 analogia
645 3425 713 3478 H
717 3424 866 3494 E(Se
878 3425 996 3493 GO:
1026 3423 1166 3479 -loia
1198 3424 1312 3480 GS.
1342 3426 1362 3494 ΙΙ
1390 3428 1457 3477 29
1486 3426 1573 3478 est
1598 3426 1757 3479 ratae
1786 3424 1889 3497 (ὡς
1918 3424 1986 3493 S)
2013 3423 2151 3479 HS:
2190 3425 2363 3478 strate

352 3497 458 3569 (459
490 3495 563 3565 G)
592 3496 726 3550 EG.
761 3495 770 3567 Ι
799 3496 1032 3563 totaque
1067 3514 1122 3550 x.
