2664 3927
821 194 919 249 DE
953 194 1511 250 ARCHITECTURA
1546 195 1678 250 LIB.
1715 195 1767 249 X
2175 196 2303 259 239

178 355 269 406 (2⁵)
424 336 433 426 Ι
466 343 627 414 Quae
666 348 804 403 sunt
838 345 903 403 in
938 345 1380 422 horologiorum
1417 343 1906 421 descriptionibus
1943 346 2203 406 rationes
2245 349 2305 405 et

288 437 611 509 apparatus
666 437 737 492 ut
791 433 912 492 sint
966 434 1043 491 ad
1094 453 1268 493 usum
1323 434 1712 510 expeditiores
1769 453 1948 511 quam
1999 435 2304 509 aptissime

286 522 455 596 potui
518 523 851 597 perscripsi.
940 525 1128 581 restat
1189 542 1345 582 nunc
1401 523 1472 583 de
1525 522 2061 583 machinationibus
2118 526 2178 582 et
2233 524 2304 581 de

149 602 298 692 242}
332 630 534 670 earum
587 611 894 687 principiis
948 611 1305 669 ratiocinari.
1399 613 1602 688 itaque
1658 611 1730 671 de
1784 612 1903 687 his,
1966 614 2036 670 ut
2089 630 2303 687 corpus

238 720 263 759 5
293 700 668 758 emendatum
722 699 1151 758 architecturae
1205 700 1573 775 perficiatur,
1624 700 1959 777 insequenti
2007 700 2307 759 volumine

288 788 571 864 incipiam
619 788 887 846 scribere.

1082 987 1508 999 —d——————-

934 1188 1199 1255 LIBER
1244 1188 1653 1256 DECIMUS.

206 1349 266 1401 (5)
424 1329 666 1418 {Nobili
714 1335 1074 1397 Graecorum
1133 1342 1193 1397 et
1247 1339 1449 1414 ampla
1504 1338 1747 1397 civitate
1792 1338 2012 1415 Ephesi
2067 1340 2162 1397 lex
2206 1359 2304 1399 ve-

285 1427 451 1484 tusta
503 1425 721 1484 dicitur
774 1445 810 1484 a
863 1428 1185 1486 maioribus
1240 1427 1392 1485 dura
1447 1428 1781 1486 conditione
1835 1428 1937 1486 sed
1990 1427 2119 1486 iure
2180 1446 2304 1487 esse

206 1536 258 1575 10
284 1532 404 1573 non
467 1514 671 1591 iniquo
737 1517 1077 1575 constituta.
1176 1536 1318 1575 nam
1381 1516 1737 1576 architectus
1802 1534 1937 1575 cum
1999 1515 2305 1591 publicum

286 1622 433 1679 opus
488 1604 815 1664 curandum
868 1605 1106 1681 recipit,
1159 1606 1477 1681 pollicetur
1531 1608 1755 1681 quanto
1812 1608 2051 1680 sumptu
2107 1605 2169 1662 id
2225 1604 2306 1664 sit

283 1694 567 1751 futurum.
638 1693 863 1752 tradita
910 1694 1319 1753 aestimatione
1367 1694 1747 1771 magistratui
1792 1694 1948 1752 bona
1995 1694 2118 1752 eius
2157 1693 2302 1752 obli-

179 1794 265 1844 (10)
287 1784 524 1857 gantur,
569 1781 752 1840 donec
797 1800 943 1857 opus
986 1778 993 1861 Ι
1036 1782 1115 1841 sit
1158 1784 1502 1857 perfectum.
1577 1784 1848 1842 absoluto
1896 1785 2121 1856 autem,
2169 1800 2304 1841 cum

288 1869 363 1927 ad
409 1869 634 1928 dictum
682 1870 929 1945 inpensa
973 1871 1303 1945 respondit,
1360 1871 1606 1929 decretis
1654 1874 1714 1929 et
1765 1871 2084 1930 honoribus
2131 1890 2302 1930 orna-

208 1979 258 2018 15
286 1961 400 2016 tur.
505 1958 649 2017 item
713 1959 763 2017 si
829 1979 948 2018 non
1016 1960 1272 2035 amplius
1344 1978 1524 2036 quam
1591 1962 1805 2036 quarta
1879 1960 1954 2020 ad
2028 1960 2302 2020 aestima-

286 2046 510 2105 tionem
565 2050 655 2106 est
708 2047 1041 2123 adicienda,
1100 2048 1170 2107 de
1224 2048 1464 2124 publico
1519 2052 1873 2125 praestatur,
1927 2069 2121 2126 neque
2176 2050 2302 2108 ulla

284 2154 477 2210 poena
520 2139 770 2194 tenetur.
862 2156 995 2195 cum
1040 2155 1177 2196 vero
1230 2139 1483 2213 amplius
1532 2157 1712 2214 quam
1759 2141 1974 2214 quarta
2017 2139 2083 2197 in
2129 2158 2302 2214 opere

177 2237 266 2289 (15)
286 2225 667 2299 consumitur,
723 2245 791 2284 ex
847 2225 973 2286 eius
1035 2226 1204 2285 bonis
1260 2228 1337 2285 ad
1378 2222 1386 2306 Ι
1426 2225 1846 2302 perficiendum
1897 2227 2147 2302 pecunia
2207 2247 2302 2285 ex-

284 2314 489 2391 igitur.
581 2314 812 2372 utinam
865 2315 951 2372 dii
1000 2315 1344 2375 inmortales
1399 2316 1677 2376 fecissent
1728 2319 1799 2374 ut
1853 2335 1921 2374 ea
1974 2317 2069 2375 lex
2120 2317 2303 2375 etiam

206 2425 259 2464 20
285 2422 341 2460 P.
377 2421 435 2461 R.
481 2421 600 2461 non
645 2403 820 2462 modo
866 2403 1117 2479 publicis
1164 2406 1265 2463 sed
1313 2406 1495 2464 etiam
1538 2405 1789 2481 privatis
1828 2404 2109 2463 aedificiis
2148 2407 2302 2464 esset

287 2492 630 2551 constituta.
716 2511 969 2568 namque
1014 2511 1133 2552 non
1178 2494 1304 2552 sine
1350 2512 1542 2569 poena
1587 2497 1998 2571 grassarentur
2040 2493 2300 2570 inperiti,

286 2581 387 2640 sed
441 2581 545 2657 qui
600 2600 834 2639 summa
887 2581 1289 2640 doctrinarum
1344 2583 1675 2641 subtilitate
1723 2586 1918 2641 essent
1962 2583 2302 2658 prudenteS,

176 2682 266 2732 (20)
286 2671 411 2729 sine
450 2669 822 2728 dubitatione
858 2670 1276 2745 profiterentur
1312 2671 1783 2747 architecturam,
1824 2666 1832 2750 Ι
1873 2691 2062 2747 neque
2099 2673 2299 2746 patres

284 2759 648 2817 familiarum
690 2757 1106 2818 inducerentur
1142 2760 1218 2817 ad
1252 2759 1517 2818 infinitas
1553 2763 1898 2835 sumptuum
1931 2760 2300 2835 profusiones

206 2868 257 2908 25
284 2851 354 2906 ut
398 2851 459 2907 et
504 2867 534 2907 e
580 2847 748 2906 bonis
796 2849 1145 2923 eicerentur,
1190 2849 1422 2925 ipsique
1469 2848 1772 2908 architecti
1819 2866 2043 2924 poenae
2089 2848 2299 2906 timore

287 2937 476 2997 coacti
531 2936 873 3014 diligentius
928 2937 1167 2996 modum
1220 2937 1602 3012 inpensarum
1645 2938 2070 2997 ratiocinantes
2119 2937 2302 3012 expli-

427 3111 458 3158 8
496 3122 827 3176 graegorum
856 3105 930 3160 H.
968 3107 987 3176 ΙΙ
1026 3112 1087 3159 11
1130 3105 1380 3175 sumptui
1417 3105 1567 3160 adsit
1602 3106 1765 3176 (assit
1795 3108 1887 3177 Ge)
1923 3124 1978 3162 ω.
2017 3109 2035 3175 ΙΙ
2078 3111 2142 3159 15
2172 3113 2302 3176 post

288 3178 489 3244 quarta
533 3195 599 3231 ex:
632 3195 680 3232 v.
724 3180 796 3231 17
822 3180 1130 3245 praesumit
1162 3194 1204 3232 x
1238 3178 1325 3247 (H
1332 3177 1587 3248 SPsz)
1634 3177 1695 3231 in
1741 3194 1906 3248 opere
1953 3177 2301 3232 consumitur

289 3248 407 3314 (del.
439 3247 745 3316 Schneider,
770 3250 913 3303 sicut
937 3251 1052 3304 cod.
1082 3266 1111 3304 c
1136 3255 1187 3303 et
1213 3251 1309 3317 qwi
1337 3266 1404 3303 ex
1429 3249 1544 3318 hoc,
1578 3250 1614 3303 h
1640 3256 1691 3304 et
1716 3252 1804 3319 m).
1834 3251 1852 3320 ΙΙ
1883 3254 1947 3302 19
1977 3251 2041 3301 ut
2066 3267 2167 3304 om.
2196 3267 2251 3303 x.
2285 3249 2294 3321 Ι
2387 3255 2396 3262 ’

288 3334 549 3403 &(et·)iam
584 3337 678 3391 Pu.
716 3355 757 3391 x
794 3337 1019 3407 (populo
1055 3352 1283 3390 romano
1322 3337 1444 3405 ed).
1497 3339 1517 3407 ΙΙ
1571 3343 1640 3391 24
1677 3339 1902 3407 sumptu
1949 3339 2094 3406 (ante
2138 3340 2297 3407 corr.)

291 3405 357 3459 G.
400 3408 407 3473 Ι
447 3424 501 3474 p.
539 3407 584 3460 Sc
621 3410 717 3478 (et)
756 3409 817 3461 ut
856 3408 1047 3462 ebonis
1084 3426 1138 3462 ω.
1176 3410 1195 3478 ΙΙ
1234 3413 1300 3460 25
1340 3407 1682 3463 eiecerentur
1711 3411 1760 3464 G
1793 3407 1915 3477 (eie.
1949 3409 2251 3478 GcEHS).
2285 3407 2294 3480 Ι

286 3475 505 3546 ipsique
542 3478 609 3531 H
614 3479 804 3549 S(Gv):
840 3478 1090 3548 ipsisque
1118 3479 1256 3535 EG.
1310 3480 1317 3549 Ι
1368 3495 1582 3549 poenae
1618 3484 1816 3550 (poene
1846 3479 1914 3548 S)
1942 3479 2078 3535 HS:
2117 3495 2300 3549 poena

286 3547 365 3612 E,
397 3563 544 3620 pena
575 3549 626 3603 G
662 3551 840 3622 (pgnae
872 3551 979 3619 ΘΟ).
