2664 3927
775 201 871 255 DE
908 200 1470 256 ARCHITECTURA
1505 202 1640 258 LIB.
1676 202 1770 271 IX,
1811 209 1838 256 1
2190 204 2322 267 215

298 355 551 430 posteris
607 355 825 431 cogunt
878 370 1005 411 esse
1050 354 1243 411 notas.
1332 354 1538 428 itaque
1583 354 1690 427 qui
1733 354 2072 412 litterarum
2115 354 2321 413 iucun-

300 442 587 501 ditatibus
632 442 916 500 intinctas
962 440 1184 499 habent
1227 444 1458 500 mentes
1499 462 1622 501 non
1656 445 1908 518 possunt
1941 460 2061 501 non
2096 443 2161 502 in
2197 444 2319 502 suis

165 541 278 597 218
297 531 634 608 pectoribus
674 530 1012 591 dedicatum
1046 530 1261 595 habere
1302 526 1311 609 Ι
1353 530 1529 590 sicuti
1563 531 1810 590 deorum
1844 532 1929 591 sic
1964 532 2146 590 Ennii
2180 550 2319 607 poe·

297 625 399 679 tae
466 620 863 679 simulacrum.
970 617 1142 678 Accii
1202 622 1406 679 autem
1470 620 1826 680 carminibus
1890 618 1996 696 qui
2055 620 2319 681 studiose

248 731 272 770 5
300 710 671 769 delectantur
706 728 827 768 non
860 707 1035 766 modo
1072 707 1390 767 verborum
1423 708 1679 768 virtutes
1715 709 1820 768 sed
1855 709 2038 768 etiam
2063 709 2320 787 figuram

300 800 425 859 eius
470 798 748 857 videntur
792 814 989 856 secum
1034 796 1249 855 habere
1294 800 1682 872 praesentem.
1755 800 1902 857 item
1945 799 2146 874 plures
2181 798 2320 874 post
2358 806 2428 853 17

219 898 281 949 (5)
300 891 565 947 nostram
626 884 973 945 memoriam
1030 888 1338 945 nascentes
1399 904 1532 944 cum
1572 881 1579 963 Ι
1620 886 1900 948 Lucretio
1959 887 2321 946 videbuntur

297 978 465 1035 velut
510 994 709 1034 coram
752 974 825 1033 de
868 994 1066 1033 rerum
1110 976 1325 1032 natura
1371 975 1693 1050 disputare,
1737 976 1810 1034 de
1849 978 1976 1035 arte
2011 994 2152 1037 vero
2187 977 2318 1034 rhe-

298 1066 486 1125 torica
533 1082 667 1123 cum
712 1062 1007 1137 Cicerone,
1050 1063 1227 1121 multi
1270 1066 1646 1137 posterorum
1692 1082 1825 1123 cum
1870 1065 2136 1123 Varrone
2183 1084 2318 1124 con-

218 1174 273 1213 10
298 1155 492 1212 ferent
536 1172 864 1211 sermonem
904 1151 977 1211 de
1012 1152 1221 1229 lingua
1256 1152 1464 1229 latina,
1511 1170 1629 1211 non
1665 1152 1861 1211 minus
1897 1153 2081 1213 etiam
2116 1155 2320 1229 plures

298 1242 589 1319 philologi
646 1259 779 1299 cum
836 1240 1194 1300 Graecorum
1252 1240 1620 1316 sapientibus
1675 1242 1868 1299 multa
1927 1242 2317 1302 deliberantes

189 1343 279 1394 (10)
301 1334 555 1391 secretos
594 1349 730 1389 cum
765 1330 857 1389 his
894 1328 1254 1391 videbuntur
1286 1330 1506 1389 habere
1542 1348 1858 1406 sermoneS,
1899 1322 1907 1411 Ι
1949 1332 2010 1389 et
2046 1330 2124 1389 ad
2159 1350 2317 1389 sum-

297 1439 459 1479 mam
512 1418 874 1495 sapientium
927 1418 1284 1494 scriptorum
1337 1419 1666 1477 sententiae
1721 1419 2064 1495 corporibus
2112 1420 2318 1479 absen-

226 1533 231 1537 ·
297 1509 459 1569 tibus
532 1511 835 1567 vetustate
907 1508 1185 1568 florentes
1258 1528 1395 1567 cum
1457 1507 1665 1567 insunt
1725 1507 1887 1566 inter
1949 1508 2195 1567 consilia
2259 1512 2320 1567 et

218 1618 270 1659 15
298 1598 759 1674 disputationeS,
832 1597 1085 1655 maiores
1158 1596 1382 1655 habent
1454 1616 1635 1672 quam
1704 1598 2106 1673 praesentium
2177 1600 2320 1656 sunt

296 1688 683 1746 auctoritates
730 1704 949 1745 omneS.
1040 1686 1245 1761 itaque
1258 1731 1273 1760 ,
1320 1684 1555 1761 Caesar,
1600 1685 1693 1744 his
1741 1686 2082 1745 auctoribus
2127 1687 2316 1745 fretus
2357 1694 2426 1743 18

295 1776 560 1835 sensibus
624 1794 829 1833 eorum
891 1774 1174 1833 adhibitis
1240 1777 1301 1833 et
1363 1774 1624 1834 consiliis
1690 1794 1760 1833 ea
1819 1775 2126 1835 volumina
2181 1794 2316 1834 con-

183 1876 277 1925 (15)
296 1864 522 1940 scripsi,
570 1867 631 1921 et
673 1854 989 1945 priolribus
1035 1866 1264 1938 septem
1310 1863 1382 1920 de
1419 1863 1722 1937 aedificiiS,
1769 1866 1979 1923 octavo
2017 1864 2088 1922 de
2126 1865 2318 1939 aquiS,

294 1953 357 2011 in
402 1954 513 2012 hoc
558 1953 631 2011 de
676 1952 1041 2028 gnomonicis
1086 1951 1422 2012 rationibus
1469 1952 1971 2028 quemadmodum
2015 1954 2088 2012 de
2133 1952 2318 2014 radiis

213 2063 269 2102 20
296 2042 438 2101 solis
493 2043 555 2100 in
610 2041 833 2099 mundo
886 2044 1025 2099 sunt
1068 2061 1175 2116 per
1217 2041 1460 2100 umbras
1505 2043 1815 2118 gnomonis
1861 2042 2140 2102 inventae
2188 2042 2318 2118 qui-

295 2130 523 2206 busque
570 2129 899 2188 rationibus
947 2129 1273 2188 dilatentur
1318 2133 1426 2188 aut
1469 2131 1904 2190 contrahantur
1947 2131 2272 2207 explicabo.

428 2221 520 2278 Ea
584 2222 788 2277 autem
850 2222 990 2278 sunt
1052 2218 1255 2278 divina
1316 2222 1516 2278 mente
1580 2223 1925 2296 comparata
1978 2221 2316 2297 habentque
2343 2223 2374 2275 I

181 2321 275 2374 (20)
294 2300 767 2390 adlmirationem
811 2326 1093 2386 magnam
1137 2308 1666 2385 considerantibus,
1713 2309 1872 2384 quod
1916 2309 2128 2368 umbra
2171 2328 2316 2387 gno-

292 2398 484 2457 monis
548 2396 1003 2471 aequinoctialis
1067 2397 1188 2455 alia
1250 2397 1666 2475 magnitudine
1731 2401 1821 2456 est
1878 2397 2130 2457 Athenis
2197 2399 2318 2457 alia

210 2507 265 2549 25
292 2484 689 2546 Alexandriae
734 2485 889 2543 aliae
926 2485 1149 2544 Romae
1195 2504 1315 2545 non
1361 2485 1568 2544 eadem
1603 2486 1948 2546 Placentiae
1985 2489 2317 2562 ceterisque

292 2575 453 2636 orbis
507 2577 801 2633 terrarum
856 2573 1018 2633 locis.
1110 2575 1315 2650 itaque
1371 2574 1547 2651 longe
1602 2575 1782 2634 aliter
1825 2575 2056 2635 distant
2100 2577 2314 2636 descri-

290 2666 525 2741 ptiones
588 2663 1031 2740 horologiorum
1092 2663 1359 2724 locorum
1419 2664 1866 2724 mutationibus.
1967 2665 2317 2724 umbrarum

178 2768 272 2822 (25)
294 2755 451 2812 enim
497 2751 1023 2829 aequinoctialium
1058 2743 1587 2833 maginitudinibus
1625 2753 2018 2830 designantur
2053 2755 2316 2813 analem-

290 2837 588 2903 matorum
631 2843 875 2916 formae,
927 2859 957 2898 e
1006 2841 1217 2916 quibus
1262 2841 1652 2916 perficiuntur
1695 2842 1772 2900 ad
1815 2843 2110 2902 rationem
2155 2845 2315 2902 loco-

434 3036 465 3083 2
502 3029 801 3084 instinctas
828 3046 883 3083 x.
912 3030 931 3097 ΙΙ
958 3033 991 3080 3
1028 3027 1377 3096 pectoribus:
1417 3027 1739 3098 corporibus
1773 3029 1825 3084 G
1852 3031 1966 3098 (sed
1990 3047 2164 3099 supra
2199 3037 2226 3082 ῑ
2253 3033 2316 3083 at

289 3102 609 3171 pectoribus
640 3101 751 3166 Ge).
785 3105 793 3169 Ι
828 3098 1117 3154 dedicatas
1153 3117 1207 3155 ω.
1242 3099 1251 3172 Ι
1284 3098 1416 3154 enni
1443 3099 1520 3153 Η.
1550 3102 1568 3168 ΙΙ
1595 3106 1630 3155 4
1668 3099 1790 3154 acci
1825 3101 1972 3168 (ante
2007 3104 2166 3169 corr.)
2195 3101 2266 3155 E.
2307 3100 2316 3174 Ι

288 3178 323 3226 6
378 3182 659 3243 praemre-
698 3173 781 3239 E,
836 3177 897 3242 ᾗ·
938 3171 1289 3239 GS)sentem
1343 3187 1464 3224 esse
1503 3170 1545 3243 (Ι
1579 3170 1667 3239 H,
1707 3213 1719 3224 .
1751 3171 1950 3240 EGS)
2005 3171 2147 3226 Item
2200 3189 2256 3228 ω.
2307 3175 2314 3244 1

293 3249 358 3296 13
396 3244 657 3315 sapienti-1
694 3244 747 3298 S.
804 3246 823 3314 ΙΙ
880 3247 945 3299 18
984 3243 1201 3312 septem
1237 3241 1307 3296 H
1309 3242 1373 3299 S:
1411 3261 1504 3298 vn.
1535 3242 1656 3298 EG
1692 3243 1829 3310 (scil.
1867 3241 2020 3312 dixi).
2063 3245 2083 3312 ΙΙ
2124 3247 2191 3298 20
2227 3242 2314 3297 in-

289 3353 459 3404 venta
482 3395 491 3405 .
514 3349 753 3432 equibq,
792 3350 839 3406 S
875 3351 1043 3422 (wnde
1086 3325 1315 3422 invente
1339 3391 1350 3402 .
1374 3366 1425 3416 q.
1468 3349 1579 3418 GC).
1643 3351 1663 3419 ΙΙ
1724 3353 1793 3402 25
1843 3347 2164 3420 placentino
2203 3348 2254 3403 S.
2293 3347 2316 3420 ΙΙ

290 3426 358 3475 26
397 3421 675 3492 descrip<b
704 3420 967 3490 H)tionis
998 3420 1066 3476 H
1070 3420 1115 3476 S
1134 3423 1279 3489 (mes
1309 3421 1370 3474 E
1379 3419 1465 3488 G).
1495 3422 1513 3490 ΙΙ
1541 3425 1610 3474 28
1639 3419 2008 3492 designantur
2035 3420 2179 3474 EG:
2219 3419 2316 3474 dc-

290 3491 708 3563 sidesignantur
735 3494 816 3561 H,
852 3493 901 3546 si
938 3492 1305 3562 designantur
1334 3491 1515 3561 Sfflv).
1545 3493 1660 3564 1129
1697 3491 1970 3546 locorum:
2018 3489 2315 3560 longorum

287 3582 329 3619 x
368 3565 486 3633 (ubi
520 3566 557 3619 i.
597 3581 665 3618 m.
706 3563 771 3620 δ’
808 3567 833 3616 t
868 3562 1263 3634 horologiorfi).
