2664 3927
668 137 764 190 DE
801 136 1362 193 ARCHITECTURA
1395 137 1528 193 LIB.
1565 138 1684 207 VII,
1725 144 1770 193 7.
1811 143 1844 191 8
2141 138 2265 203 175

245 307 431 367 genus
479 292 673 347 cretae
717 289 978 364 primum
1015 291 1105 347 est
1140 289 1464 347 inventum.
1538 290 2056 366 auripigmentum,
2105 290 2265 365 quod
2303 300 2334 349 5

132 390 225 441 (25)
246 393 575 451 αρεενικον
621 396 829 454 graece
875 376 1108 451 dicitur,
1153 376 1380 436 foditur
1421 376 1630 437 Pont0.
1706 378 2030 437 sandaraca
2073 370 2080 459 Ι
2120 379 2267 437 item

244 466 516 542 pluribus
560 466 725 541 lociS,
770 465 872 525 sed
914 466 1141 542 optima
1174 466 1370 525 Ponto
1406 466 1670 541 proxime
1706 466 1923 525 flumen
1958 466 2266 543 Hypanim

245 555 425 613 habet
468 556 795 613 metallum.

101 656 137 709 1
150 654 223 709 77
382 635 389 725 Ι
430 644 739 721 Ingrediar
790 662 947 703 nunc
999 644 1169 701 minii
1224 644 1486 703 rationes
1541 644 1849 719 explicare.
1948 643 2010 702 id
2063 648 2265 703 autem
2277 644 2408 701 Vm

190 756 216 795 e
246 734 404 809 agris
459 732 853 808 Ephesiorum
910 730 1193 791 Cilbianis
1255 732 1514 807 primum
1577 751 1702 792 esse
1756 736 2118 791 memoratur
2174 735 2263 791 in-

244 824 507 897 ventum,
552 822 717 880 cuius
765 824 825 879 et
868 839 961 881 res
1008 824 1069 879 et
1112 822 1267 881 ratio
1315 822 1462 880 satis
1505 840 1754 899 magnas
1793 821 1975 881 habet
2010 822 2264 880 admira-

244 910 453 969 tiones.
525 910 752 968 foditur
787 910 944 968 enim
978 910 1190 987 glaeba
1230 928 1382 985 quae
1419 910 1651 985 dicitur,
1688 913 2009 986 antequam
2043 914 2262 970 tracta-

162 1012 223 1065 (5)
242 999 503 1058 tionibus
551 998 625 1057 ad
666 993 675 1077 Ι
713 998 966 1057 minium
1017 1000 1394 1075 perveniant,
1438 1017 1590 1059 vena
1636 1000 1726 1057 uti
1769 1000 2018 1075 sermm,
2071 1000 2264 1078 magis

160 1110 216 1149 ιο
244 1088 485 1147 subrufo
524 1086 736 1163 colore,
779 1087 1000 1147 habens
1042 1088 1197 1146 circa
1242 1106 1304 1146 se
1350 1087 1594 1147 rubrum
1637 1088 1957 1163 pulverem.
2032 1108 2167 1147 cum
2199 1090 2264 1148 id

243 1176 487 1251 foditur,
534 1196 604 1233 ex
645 1176 843 1253 plagis
887 1178 1380 1235 ferramentorum
1433 1176 1666 1235 crebras
1713 1178 1935 1235 emittit
1986 1177 2263 1238 lacrimas

246 1265 478 1341 argenti
531 1265 681 1341 vivi,
737 1284 888 1341 quae
943 1284 979 1323 a
1033 1265 1357 1327 fossoribus
1413 1266 1619 1324 statim
1673 1265 2048 1342 colliguntur.
2149 1267 2262 1326 hae
2299 1277 2331 1325 2

244 1353 490 1431 glaebae
553 1373 688 1413 cum
750 1354 1033 1413 collectae
1096 1358 1260 1430 sunt,
1322 1356 1388 1413 in
1451 1353 1688 1413 officina
1741 1357 1987 1430 propter
2037 1356 2261 1414 umoris

129 1457 223 1508 (ιο)
243 1443 593 1518 plenitatem
639 1444 969 1502 coiciuntur
1012 1444 1075 1501 in
1118 1435 1440 1525 forlnacem
1483 1446 1552 1501 ut
1595 1444 2049 1518 interarescant,
2103 1446 2164 1501 et
2207 1444 2260 1502 is

160 1554 215 1595 15
247 1532 349 1607 qui
395 1551 463 1590 ex
507 1532 599 1591 his
646 1532 721 1589 ab
766 1532 923 1610 ignis
968 1551 1189 1609 vapore
1243 1534 1441 1591 fumus
1493 1532 1812 1591 suscitatur
1857 1552 1990 1591 cum
2041 1532 2261 1591 resedit

242 1622 306 1679 in
352 1622 546 1680 solum
589 1621 768 1696 furni,
811 1622 1113 1680 invenitur
1156 1640 1282 1680 esse
1328 1624 1642 1699 argentum
1676 1621 1896 1681 vivum.
1974 1622 2260 1696 exemptis

243 1710 469 1787 glaebis
514 1712 721 1787 guttae
768 1728 872 1768 eae
920 1728 1071 1785 quae
1115 1709 1456 1769 residebunt
1498 1714 1745 1787 propter
1781 1710 2104 1769 brevitates
2139 1728 2260 1768 non

242 1801 491 1873 possunt
536 1799 756 1875 colligi,
802 1798 903 1858 sed
947 1800 1012 1856 in
1046 1818 1152 1858 vas
1200 1817 1392 1874 aquae
1429 1801 1854 1858 converruntur
1890 1802 1949 1857 et
1984 1798 2069 1856 ibi
2104 1800 2261 1858 inter

129 1900 223 1952 (15)
245 1905 307 1945 se
361 1891 691 1965 congruunt
746 1890 807 1946 et
858 1906 979 1946 una
1032 1887 1486 1947 confunduntur.
1537 1882 1546 1968 Ι
1593 1888 1656 1946 id
1720 1891 1920 1946 autem
1985 1906 2117 1946 cum
2180 1888 2261 1947 sit

160 2001 214 2038 20
246 1979 529 2052 quattuor
571 1978 978 2052 sextariorum,
1021 1995 1329 2036 mensurae
1367 1996 1501 2036 cum
1537 1978 1964 2054 expenduntur,
1999 1979 2258 2036 invenie-

241 2068 343 2124 tur
388 2084 512 2124 esse
556 2066 753 2142 pondo
791 2070 1043 2126 centum.
1117 2087 1253 2126 cum
1289 2067 1355 2124 in
1392 2067 1592 2142 aliquo
1629 2086 1768 2127 vase
1807 2070 1897 2126 est
1933 2067 2258 2143 confusum,
2295 2080 2328 2128 3

243 2155 292 2212 si
341 2172 523 2230 supra
566 2154 629 2212 id
682 2154 900 2232 lapidis
946 2155 1348 2215 centenarium
1400 2155 1633 2231 pondus
1687 2157 2034 2232 inponatur,
2087 2159 2260 2215 natat

240 2243 305 2300 in
351 2262 579 2303 summo
623 2263 814 2320 neque
860 2263 995 2302 eum
1037 2245 1331 2321 liquorem
1375 2248 1576 2320 potest
1619 2265 1794 2304 onere
1841 2264 1946 2305 suo
1991 2264 2258 2321 premere

128 2347 220 2398 (20)
240 2351 348 2391 nec
395 2333 610 2391 elidere
656 2352 763 2392 nec
808 2333 1113 2409 dissipare.
1188 2335 1524 2392 centenario
1571 2335 1804 2393 sublato
1847 2329 1855 2415 Ι
1897 2335 1949 2392 si
1993 2334 2078 2392 ibi
2123 2335 2258 2393 auri

158 2443 213 2484 25
242 2421 566 2496 scripulum
628 2421 977 2498 inponatur,
1039 2441 1157 2482 non
1219 2422 1456 2481 natabit
1509 2422 1612 2482 sed
1665 2423 1742 2481 ad
1795 2423 1980 2480 imum
2034 2443 2142 2499 per
2195 2442 2258 2484 se

241 2509 619 2586 deprimetur.
727 2511 817 2569 ita
878 2530 997 2570 non
1070 2511 1462 2587 amplitudine
1533 2512 1810 2587 ponderis
1875 2511 1976 2570 sed
2045 2531 2256 2590 genere

383 2793 414 2839 2
472 2787 765 2841 arsenicon
808 2805 863 2841 x.
925 2787 933 2856 Ι
990 2789 1191 2855 pontos
1250 2787 1498 2841 andarea
1533 2787 1623 2854 H,
1674 2787 1882 2856 ponto,
1905 2786 2181 2840 sandes-ea
2217 2786 2263 2841 S

242 2859 434 2926 (ponto
490 2859 669 2912 sanda
724 2874 858 2912 raca
902 2859 963 2912 E
972 2859 1061 2927 G).
1116 2861 1135 2928 ΙΙ
1190 2863 1221 2910 6
1278 2857 1537 2912 cliuianis
1576 2858 1645 2911 H
1648 2857 1842 2926 S(G0)‚
1900 2855 2144 2910 diuianis
2187 2858 2258 2924 G,

239 2929 374 2983 cluii
394 2929 402 3002 Ι
424 2929 582 2983 annis
612 2931 683 2984 E.
713 2932 731 2996 ΙΙ
760 2934 791 2982 9
829 2929 975 2983 ferro
1012 2947 1066 2983 x.
1096 2930 1113 2997 ΙΙ
1144 2933 1209 2982 13
1249 2928 1475 2983 officina
1503 2927 1647 2984 EG:
1686 2944 1844 2981 -nam
1880 2931 1960 2997 (-a
1987 2929 2055 2997 S)
2083 2927 2208 2982 HS.
2237 2928 2258 3001 ΙΙ

240 3005 307 3052 14
362 3000 768 3069 interarescant
840 2999 1011 3054 fuerit
1074 3002 1109 3068 (.
1146 3000 1340 3053 Fuerit
1385 2999 1529 3069 EG)
1594 3015 1814 3054 caeram
1869 3002 2076 3069 (ceram
2121 2999 2255 3068 ΕΒ)

237 3071 520 3139 pumicam
556 3078 649 3126 etc.
690 3074 770 3142 (p.
800 3075 931 3139 178,
948 3074 1043 3140 25)
1080 3090 1135 3126 x.
1178 3073 1197 3141 ΙΙ
1240 3076 1304 3124 17
1346 3086 1500 3140 eaeq3
1530 3072 1608 3125 H.
1646 3085 1858 3143 eaeque
1892 3073 1967 3127 G:
2005 3071 2108 3144 hee
2147 3086 2255 3138 que

237 3142 295 3209 S,
330 3142 434 3213 hee
474 3159 619 3212 quae
648 3144 719 3198 Ε.
754 3144 762 3213 Ι
792 3143 1131 3197 resedebant
1156 3143 1223 3196 H
1230 3141 1274 3196 S
1284 3143 1336 3197 G
1371 3141 1527 3212 (resi-
1556 3145 1654 3212 Ε).
1685 3145 1704 3212 ΙΙ
1732 3147 1798 3196 18
1836 3143 1897 3196 in
1932 3158 2074 3198 vasa
2109 3157 2256 3210 quae

237 3214 367 3286 (que
398 3215 517 3282 ΘΒ,
545 3232 599 3283 q3
630 3215 714 3284 E)
741 3231 796 3268 x.
830 3217 839 3284 Ι
872 3216 1268 3268 convertuntur
1298 3214 1352 3268 G
1379 3216 1512 3282 (non
1531 3215 1631 3285 Ε).
1659 3217 1678 3284 ΙΙ
1709 3220 1773 3268 19
1805 3215 1880 3268 sit
1911 3214 2254 3270 Oehmichen:

238 3283 353 3337 sint
377 3301 419 3338 x
445 3287 535 3354 (cf.
570 3285 712 3340 Fav.
734 3303 793 3354 p.
825 3290 953 3353 306,
971 3288 1083 3355 25).
1112 3288 1131 3355 ΙΙ
1159 3291 1227 3338 20
1254 3283 1609 3340 invenientur
1635 3303 1689 3340 x.
1719 3288 1737 3355 ΙΙ
1765 3291 1832 3338 21
1865 3283 2125 3339 confusus
2153 3301 2208 3340 x.
2236 3283 2257 3366 ΙΙ

238 3360 307 3407 22
351 3354 543 3425 lapide
590 3356 695 3428 (-ὂΙ
736 3357 863 3412 HG
908 3357 983 3411 ad
1026 3359 1189 3424 finem
1232 3372 1418 3412 versus
1460 3365 1710 3428 uterque,
1753 3373 1868 3410 -em
1904 3357 1989 3426 E)
2025 3373 2066 3410 x
2111 3357 2256 3424 (saxi

236 3425 420 3494 Fau).
449 3428 467 3495 ΙΙ
495 3431 562 3480 25
602 3427 848 3497 scripulii
884 3426 1187 3497 inponatur
1218 3429 1270 3484 G
1308 3428 1594 3498 (scrupuli-1
1630 3429 1762 3498 imp.
1794 3429 1855 3481 Ε
1884 3429 1982 3482 ubi
2019 3426 2254 3496 scriptu-

233 3497 325 3550 lus
354 3497 474 3566 Ec),
514 3497 818 3570 scripulum
853 3501 935 3567 (-ii
964 3498 1030 3568 S)
1066 3501 1310 3569 ponatur
1337 3499 1404 3553 Η
1407 3499 1463 3556 S.
