2664 3927
716 172 812 226 DE
850 172 1413 228 ARCHITECTURA
1449 173 1583 226 LIB.
1618 171 1711 240 VI,
1751 178 1798 226 5.
1839 177 1869 223 6
2179 170 2306 234 145

280 323 426 382 urbe
473 323 628 382 atria
674 323 944 399 proxima
989 324 1182 382 ianuis
1230 323 1425 382 solent
1471 341 1613 397 esse,
1659 321 1785 379 ruri
1821 323 2021 380 autem
2056 321 2307 397 pseudo-

162 423 259 475 (10)
280 411 526 472 urbanis
571 413 780 471 statim
823 412 1130 487 peristyla,
1177 412 1387 471 deinde
1430 407 1438 490 Ι
1478 414 1622 470 tunc
1668 411 1823 469 atria
1866 410 2148 469 habentia
2195 413 2305 470 cir-

281 519 418 559 cum
480 502 744 577 porticus
809 501 1250 576 pavimentatas
1313 503 1649 577 spectantes
1715 499 1791 557 ad
1853 500 2184 575 palaestras
2245 503 2307 558 et

281 589 732 648 ambulationes

223 697 248 742 5
414 677 621 748 Quoad
673 677 845 754 potui
898 677 1155 736 urbanas
1199 679 1461 737 rationes
1508 677 1913 737 aedificiorum
1959 679 2307 737 summatim

277 767 654 843 perscribere,
700 766 1002 842 proposui,
1047 785 1204 824 nunc
1247 766 1605 825 rusticorum
1642 767 2043 843 expeditiones
2081 770 2150 825 ut
2186 766 2307 826 sint

279 857 356 914 ad
393 875 564 915 usum
601 853 909 914 commoda
947 854 1276 930 quibusque
1313 855 1647 916 rationibus
1686 856 1992 916 conlocare
2032 859 2307 933 oporteat

166 937 294 1026 (15)Ι
338 965 410 1004 ea
455 945 666 1002 dicam.

413 1033 679 1091 Primum
733 1032 804 1090 de
859 1032 1336 1108 salubritatibuS,
1392 1032 1484 1091 uti
1535 1034 1600 1090 in
1644 1034 1855 1108 primo·
1883 1035 2184 1094 volumine
2230 1035 2304 1093 de
2337 1043 2417 1098 VI

195 1144 251 1182 ιο
279 1121 585 1180 moenibus
628 1121 1004 1180 conlocandis
1051 1123 1339 1196 scriptum
1377 1124 1484 1196 est,
1529 1122 1797 1199 regiones
1846 1123 2211 1199 aspiciantur
2247 1127 2308 1182 et

279 1212 369 1268 ita
421 1209 602 1268 villae
660 1211 1053 1269 conlocentur.
1153 1210 1596 1287 magnitudines
1658 1229 1863 1268 earum
1925 1212 2003 1269 ad
2065 1213 2308 1270 modum

280 1299 410 1375 agri
455 1298 774 1375 copiasque
817 1300 1119 1358 fructuum
1164 1302 1596 1375 comparentur.
1688 1298 1956 1359 cohortes
2006 1303 2305 1378 magnitu-

169 1398 260 1449 (20)
281 1387 562 1462 dinesque
603 1381 612 1466 Ι
653 1406 857 1445 earum
911 1389 989 1446 ad
1041 1407 1321 1465 pecorum
1375 1407 1687 1446 numerum
1744 1391 1924 1462 atque
1974 1391 2119 1464 quot
2162 1391 2306 1466 iuga

280 1475 460 1536 boum
524 1495 671 1552 opus
724 1477 908 1536 fuerit
961 1477 1046 1535 ibi
1099 1477 1353 1552 versari,
1415 1477 1503 1536 ita
1556 1476 1857 1535 finiantur.
1946 1477 2011 1535 in
2066 1479 2306 1537 cohorte

199 1586 252 1626 15
281 1565 478 1624 culina
525 1585 706 1642 quam
751 1565 1111 1626 calidissimo
1157 1567 1288 1625 loco
1338 1567 1697 1644 designetur,
1746 1567 2061 1625 coniuncta
2107 1569 2307 1625 autem

279 1654 500 1714 habeat
559 1655 814 1730 bubilia,
880 1673 1131 1730 quorum
1193 1656 1507 1732 praesepia
1563 1655 1640 1714 ad
1694 1656 1892 1713 focum
1947 1658 2008 1714 et
2063 1657 2305 1714 orientis

282 1744 433 1802 caeli
476 1744 778 1820 regionem
823 1747 1110 1819 spectent,
1153 1745 1287 1804 ideo
1336 1745 1495 1820 quod
1539 1744 1719 1803 boves
1766 1745 1966 1802 lumen
2003 1748 2065 1803 et
2107 1745 2309 1822 ignem

169 1844 262 1896 (25)
282 1832 603 1907 spectando
666 1824 912 1914 horflridi
974 1851 1094 1890 non
1155 1833 1324 1892 fiunt.
1429 1834 1575 1892 item
1639 1834 1937 1910 agricolae
1999 1835 2306 1911 regionum

281 1921 525 1997 inperiti
578 1940 697 1980 non
750 1923 971 1998 putant
1026 1925 1297 1998 oportere
1353 1921 1536 1982 aliam
1580 1923 1886 2001 regionem
1932 1923 2077 1982 caeli
2125 1923 2305 1982 boves

201 2033 255 2072 20
283 2013 550 2086 spectare
613 2010 729 2069 nisi
793 2013 990 2069 ortum
1045 2012 1202 2071 solis.
1301 2012 1595 2071 bubilium
1648 2015 1850 2071 autem
1905 2013 2121 2071 debent
2180 2032 2306 2073 esse

281 2099 628 2158 latitudines
675 2118 782 2158 nec
827 2101 1082 2160 minores
1137 2101 1357 2177 pedum
1401 2102 1618 2159 denum
1673 2120 1780 2161 nec
1836 2102 2090 2162 maiores
2138 2103 2307 2178 quin-

281 2189 517 2263 denum,
552 2187 862 2264 longitudo
899 2190 991 2247 uti
1027 2190 1261 2266 singula
1297 2192 1440 2267 iuga
1475 2210 1551 2249 ne
1587 2192 1783 2250 minus
1810 2190 1990 2266 pedes
2020 2180 2308 2267 occupent

137 2287 257 2344 147
281 2280 573 2353 septenos.
644 2276 951 2335 balnearia
994 2278 1141 2336 item
1185 2270 1519 2361 conliuncta
1564 2280 1686 2339 sint
1730 2280 1981 2353 culinae,
2024 2280 2113 2338 ita
2150 2280 2309 2338 enim

281 2366 574 2425 lavationi
637 2366 894 2424 rusticae
956 2368 1317 2428 ministratio
1381 2388 1501 2428 non
1566 2370 1679 2427 erit
1741 2369 1935 2446 longe.
2044 2370 2309 2427 torcular

200 2477 254 2517 25
281 2456 429 2514 item
480 2455 816 2530 proximum
871 2455 952 2514 sit
1005 2456 1264 2532 culinae,
1318 2457 1407 2515 ita
1454 2458 1612 2516 enim
1657 2458 1734 2515 ad
1781 2458 2033 2517 olearios
2079 2458 2306 2516 fructus

283 2544 592 2603 commoda
638 2544 751 2602 erit
793 2544 1175 2621 ministratio,
1216 2546 1555 2621 habeatque
1602 2547 1978 2605 coniunctam
2014 2547 2309 2605 vinariam

429 2825 456 2873 1
498 2821 687 2873 autem
725 2822 865 2890 (afi):
905 2820 977 2875 ab
1014 2839 1070 2875 x.
1108 2824 1126 2891 ΙΙ
1163 2826 1194 2874 2
1231 2820 1591 2891 peristy(i)lia
1626 2838 1681 2876 x.
1720 2824 1738 2892 ΙΙ
1774 2828 1805 2875 3
1844 2820 2170 2892 pavimenta
2204 2840 2261 2877 x.
2290 2822 2309 2895 Η

283 2896 318 2943 4
365 2890 776 2951 ambulationes
817 2893 954 2953 ΒΙΙΙ.
1031 2890 1152 2956 Quo
1207 2892 1444 2961 adpotui
1474 2935 1485 2946 .
1520 2937 1530 2947 .
1564 2936 1574 2946 .
1614 2896 1757 2961 (cum
1802 2894 2035 2963 capituli
2080 2911 2305 2949 numero

281 2963 512 3030 servato)
553 2962 619 3017 G.
675 2964 694 3028 ΙΙ
749 2968 780 3016 6
820 2962 1238 3032 expeditionum
1275 2966 1396 3033 (Ἧι-1
1424 2964 1491 3033 S)
1524 2982 1578 3018 ω.
1636 2965 1654 3033 ΙΙ
1710 2969 1739 3016 ’1
1780 2964 2104 3020 commodae
2140 2968 2221 3039 (—9
2252 2966 2308 3032 S,

284 3048 338 3086 -e
369 3034 441 3103 G)
477 3050 532 3087 x.
567 3035 576 3100 Ι
608 3033 873 3087 collocari
902 3035 954 3089 S.
998 3036 1017 3105 ΙΙ
1059 3040 1091 3088 8
1129 3051 1225 3089 eas
1261 3052 1315 3089 x.
1359 3037 1379 3104 ΙΙ
1422 3040 1487 3088 12
1527 3035 1746 3089 chortes
1782 3054 1823 3090 x
1859 3038 1948 3105 (cf.
1986 3053 2035 3091 v.
2067 3036 2100 3092 Ζ.
2142 3037 2304 3091 Varr.

275 3122 335 3173 p.
365 3109 493 3171 146,
521 3109 606 3159 11.
639 3110 842 3159 14.19.
881 3110 1009 3172 147,
1035 3111 1088 3161 2.
1127 3108 1262 3173 217,
1288 3110 1379 3161 18.
1414 3110 1637 3173 274,16
1666 3106 1833 3188 Keil).
1887 3110 1905 3177 ss
1962 3113 2028 3160 13
2066 3109 2205 3175 quot
2242 3108 2307 3161 S:
2355 3144 2361 3148 -

284 3175 434 3242 quod
463 3176 604 3230 HG.
651 3179 670 3245 ΙΙ
717 3181 784 3230 14
819 3175 1031 3231 fuerint
1065 3194 1120 3233 x.
1195 3177 1388 3230 chorte
1425 3195 1481 3232 x.
1524 3180 1543 3246 ΙΙ
1586 3183 1652 3230 15
1690 3178 2015 3249 deaignetur
2047 3178 2172 3233 GS:
2212 3178 2307 3231 de-

286 3245 516 3317 silnetur
543 3246 619 3301 H.
666 3249 686 3317 ΙΙ
733 3253 800 3301 16
837 3247 1060 3302 bubilia
1164 3248 1240 3302 G:
1276 3247 1498 3301 buuilia
1526 3248 1581 3303 S.
1637 3250 1655 3317 ΙΙ
1712 3254 1779 3303 18
1814 3250 1958 3303 fiunt
1994 3248 2128 3304 HS:
2166 3248 2309 3302 fiant

286 3318 350 3370 G.
392 3319 412 3387 ΙΙ
454 3322 520 3370 19
558 3317 698 3389 in(m
725 3318 790 3385 S)
833 3319 962 3373 criti
999 3322 1119 3389 (sic)
1154 3337 1210 3374 x.
1253 3322 1272 3389 ΙΙ
1313 3325 1382 3373 20
1417 3318 1697 3373 buuilium
1732 3338 1773 3374 ω
1809 3318 2110 3389 (bubilium
2142 3321 2251 3388 Gc).
2288 3321 2307 3391 11

286 3393 350 3440 21
389 3387 734 3456 quindenum
772 3336 834 3445 ἑ)
883 3410 931 3444 v.
947 3390 1153 3445 denum
1189 3392 1330 3447 HG.
1386 3392 1406 3461 ΙΙ
1460 3396 1527 3444 22
1574 3392 1746 3461 pedes
1789 3393 2062 3461 occupent
2096 3408 2139 3445 x
2174 3392 2307 3459 (non

286 3461 558 3529 occupent
600 3460 800 3529 pedes,
843 3468 908 3516 ut
944 3464 1101 3532 edd).
1140 3464 1158 3533 ΙΙ
1195 3467 1262 3515 23
1300 3461 1415 3516 sint
1442 3462 1509 3515 H
1514 3462 1577 3519 S:
1624 3463 1756 3516 sunt
1795 3461 1863 3517 G.
1900 3466 1919 3531 ΙΙ
1955 3466 2024 3515 24
2060 3462 2309 3517 torcular

287 3528 450 3598 Sffic,
481 3538 547 3585 ut
581 3550 630 3587 v.
659 3535 733 3585 12
767 3534 851 3602 x):
888 3534 1097 3588 torclar
1125 3533 1266 3590 HG.

392 3628 597 3670 Vnauv.
627 3629 684 3670 de
721 3631 954 3672 architeet.
983 3632 1054 3673 ed.
1082 3632 1242 3674 Bone.
1887 3628 1953 3677 10
