2664 3927
197 60 201 65 ’
294 64 421 129 162
1134 62 1464 118 VITRUVII

292 215 370 273 ad
412 218 535 273 tres
580 216 780 290 partes
826 232 946 273 una
993 213 1171 273 calcis
1217 213 1564 287 misceatur,
1620 214 1673 272 si
1723 212 2059 271 redivivum
2110 210 2316 285 fuerit,

293 304 556 380 quinque
620 302 696 361 ad
758 303 874 361 duo
938 294 1260 384 mixltionis
1322 301 1585 361 habeant
1637 320 1998 377 responsum.
2101 300 2316 360 deinde
2336 312 2449 363 (15)

290 392 474 451 rudus⁴
517 392 832 451 inducatur
878 395 939 450 et
981 390 1247 450 vectibus
1292 390 1526 467 ligneis,
1572 390 1825 449 decuriis
1867 389 2144 464 inductiS‚
2189 408 2314 447 cre-

289 481 477 540 briter
518 480 841 557 pistatione
888 479 1191 553 solidetur,
1236 482 1297 537 et
1342 479 1405 537 id
1448 498 1524 537 ne
1567 480 1762 537 minus
1807 478 2032 554 pistum
2077 478 2313 537 absolu-

291 574 422 629 tum
466 569 859 629 crassitudine
914 569 993 627 sit
1036 567 1363 626 dodrantis.
1454 568 1697 645 insuper
1741 588 1812 627 ex
1864 570 2022 627 testa
2066 568 2314 625 nucleus
2345 588 2376 629 5

290 659 608 718 inducatur
649 658 997 716 mixtionem
1049 656 1275 715 habens
1328 656 1405 715 ad
1458 660 1580 715 tres
1634 659 1834 733 partes
1887 676 2070 715 unam
2115 656 2316 730 calciS,

291 767 365 806 ne
400 748 629 805 minore
666 746 1053 805 crassitudine
1089 746 1420 822 pavimenti
1457 737 1798 827 digiitorum
1834 764 2059 805 senum.
2133 763 2316 821 supra
2336 758 2444 809 (20)

290 837 566 895 nucleum
612 835 689 893 ad
730 835 1003 913 regulam
1048 838 1108 893 et
1151 834 1417 893 libellam
1454 838 1663 894 exacta
1698 835 2042 911 pavimenta
2078 836 2315 893 struan-

293 928 394 983 tur
437 924 563 983 sive
618 924 849 983 sectilia
893 942 1000 983 seu
1043 924 1299 983 tesseris.
1393 942 1527 981 cum
1581 942 1651 981 ea
1706 926 1933 983 structa
1985 922 2209 981 fuerint
2253 924 2318 980 et

293 1012 541 1089 fastigia
613 1030 724 1071 sua
796 1014 1117 1072 structione
1189 1012 1533 1089 habuerint,
1603 1014 1692 1070 ita
1762 1011 2050 1071 fricentur
2110 1010 2201 1069 uti
2262 1011 2318 1069 si
2347 1035 2409 1073 10

294 1101 529 1161 sectilia
592 1102 739 1177 sint,
801 1101 954 1160 nulli
1016 1101 1235 1179 gradus
1299 1102 1364 1159 in
1429 1101 1675 1161 scutulis
1740 1104 1848 1159 aut
1902 1100 2153 1177 trigonis
2210 1102 2320 1157 aut

296 1190 606 1265 quadratis
653 1209 756 1249 seu
800 1192 955 1251 favis
1002 1193 1219 1266 extent,
1265 1190 1370 1249 sed
1419 1182 1920 1272 coagmentolrum
1965 1188 2316 1266 compositio
2338 1200 2468 1256 164

292 1280 536 1355 planam
579 1279 802 1338 habeat⁴
840 1280 999 1339 inter
1042 1298 1103 1339 se
1149 1278 1552 1338 directionem.
1644 1278 1696 1339 si
1739 1279 1977 1338 tesseris
2023 1280 2318 1337 structum

295 1368 423 1444 erit,
470 1371 540 1427 ut
584 1387 687 1427 eae
735 1388 936 1429 omnes
984 1368 1233 1445 angulos
1279 1367 1540 1426 habeant
1589 1368 1884 1443 aequales.
1977 1386 2111 1425 cum
2157 1365 2318 1425 enim

293 1457 499 1535 anguli
534 1476 654 1515 non
688 1458 912 1515 fuerint
948 1475 1149 1515 omnes
1197 1456 1529 1531 aequaliter
1570 1456 1755 1533 plani,
1801 1476 1919 1516 non
1957 1457 2070 1515 erit
2106 1456 2316 1514 exacta
2344 1478 2402 1520 15

290 1549 365 1604 ut
400 1548 637 1623 oportet
668 1546 974 1605 fricatura.
1050 1546 1195 1603 item
1239 1548 1502 1604 testacea
1547 1546 1776 1622 spicata
1819 1536 2131 1627 tilburtina
2177 1546 2316 1603 sunt
2335 1559 2402 1611 (5)

293 1634 610 1711 diligenter
654 1634 968 1711 exigenda,
1021 1636 1092 1693 ut
1142 1652 1217 1691 ne
1270 1633 1533 1693 habeant
1585 1635 1830 1693 lacunas
1885 1653 1993 1693 nec
2048 1636 2316 1693 extantes

291 1724 575 1797 tumulos,
603 1723 706 1782 sed
732 1718 937 1802 (sint)
965 1725 1204 1782 extenta
1232 1725 1292 1780 et
1320 1723 1397 1781 ad
1423 1723 1694 1799 regulam
1719 1721 2056 1798 perfricata
2121 1741 2314 1797 super,

292 1812 579 1870 fricatura
643 1811 1103 1889 levigationibus
1160 1815 1220 1869 et
1280 1811 1558 1887 polituris
1615 1831 1748 1870 cum
1800 1811 1982 1870 fucrit
2034 1812 2315 1887 perfecta,

293 1902 635 1959 incernatur
687 1918 972 1977 marmor,
1028 1904 1089 1996 et
1141 1919 1321 1978 supra
1375 1900 1594 1959 loricae
1650 1920 1720 1959 ex
1775 1900 1934 1959 calce
1980 1904 2040 1959 et
2092 1901 2316 1958 harena
2346 1925 2403 1963 20

294 1989 667 2049 inducantur.

439 2069 451 2158 f
481 2076 706 2136 Subdiu
740 2097 880 2136 vero
926 2079 1179 2137 maxime
1215 2079 1431 2138 idonea
1466 2078 1746 2137 faciunda
1783 2082 1922 2138 sunt
1955 2079 2316 2155 pavimenta,
2337 2093 2429 2145 (10)

298 2166 458 2241 quod
523 2167 995 2244 contignationes
1058 2187 1261 2226 umore
1326 2171 1652 2226 crescentes
1717 2170 1826 2227 aut
1889 2167 2154 2227 siccitate
2216 2167 2316 2226 de·

297 2259 623 2314 crescentes
670 2273 773 2315 seu
818 2255 1277 2330 pandationibus
1324 2257 1584 2316 sidentes
1637 2256 1926 2316 movendo
1974 2275 2036 2315 se
2088 2257 2319 2315 faciunt

296 2345 448 2402 vitia
482 2343 859 2420 pavimentis,
894 2348 1204 2419 praeterea
1240 2345 1517 2422 gelicidia
1545 2347 1607 2404 et
1639 2345 1888 2421 pruinae
1925 2363 2043 2404 non
2080 2346 2315 2421 patiun-
2346 2367 2402 2409 25

295 2436 396 2490 tur
452 2434 686 2510 integra
739 2451 1101 2509 permanere.
1191 2435 1396 2509 itaque
1443 2435 1493 2492 si
1546 2435 1865 2494 necessitas
1912 2435 2194 2511 coegerit,
2248 2437 2318 2492 ut

295 2522 537 2580 minime
578 2519 587 2600 Ι
627 2522 844 2582 vitiosa
888 2521 1037 2580 fiant
1082 2523 1167 2582 sic
1212 2524 1327 2581 erit
1372 2523 1732 2581 faciundum.
1824 2542 1957 2582 cum
2003 2526 2318 2582 coaxatum
2336 2537 2428 2590 (15)

295 2611 494 2686 fuerit,
540 2630 717 2688 super
760 2612 951 2670 altera
997 2611 1267 2672 coaxatio
1304 2614 1644 2671 transversa
1681 2614 1982 2672 sternatur
2017 2612 2316 2688 clavisque

296 2699 413 2758 fixa
460 2699 755 2776 duplicem
799 2701 1084 2776 praebeat
1129 2701 1563 2778 contignationi
1606 2701 2032 2760 loricationem.
2107 2701 2318 2760 deinde

437 2893 467 2940 2
507 2888 757 2942 adduum
792 2890 872 2958 (-ι”1
915 2888 1045 2958 GS)
1090 2887 1389 2943 mixtiones
1425 2905 1479 2942 x.
1535 2890 1555 2958 ss
1608 2893 1639 2940 3
1686 2888 1857 2942 rudus
1899 2887 2023 2943 GS.
2079 2886 2316 2940 inrudus

294 2959 371 3013 H.
400 2961 481 3028 114
507 2958 820 3029 piscatione
839 2960 965 3027 HS,
992 2959 1398 3030 pinsationeG.
1433 2961 1441 3029 Ι
1472 2976 1569 3012 ne:
1598 2975 1712 3014 non
1737 2976 1778 3014 x
1805 2960 1893 3030 (cf.
1915 2977 1976 3028 p.
1999 2963 2126 3024 128,
2141 2963 2192 3013 6.
2206 2961 2278 3026 8).
2304 2958 2314 3030 Ι

294 3064 519 3146 pinsum
556 3083 597 3120 ω
632 3066 719 3133 (cf.
742 3081 803 3133 p.
833 3069 959 3134 164,
977 3068 1085 3136 20).
1114 3068 1134 3135 ss
1162 3071 1194 3119 5
1230 3043 1462 3120 nucleos
1493 3065 1571 3134 H,
1608 3083 1696 3118 -us
1728 3065 1921 3136 S(G⁶:)
1959 3065 2168 3120 nedeus
2202 3064 2268 3119 G.
2298 3064 2320 3137 ΙΙ

303 3141 331 3188 7
371 3135 757 3205 pavimentum
794 3138 899 3206 (-u)
935 3154 990 3191 x.
1044 3139 1064 3206 ΙΙ
1118 3142 1150 3190 8
1188 3138 1430 3191 nedeum
1477 3144 1605 3191 ante
1641 3153 1776 3192 corr.
1811 3137 1876 3191 G.
1931 3138 1952 3206 ΙΙ
2005 3142 2036 3189 9
2077 3137 2316 3190 structa:

299 3208 583 3261 exstructa
618 3209 735 3278 (sic)
772 3225 827 3262 x.
872 3208 892 3275 ΙΙ
941 3213 1007 3260 10
1043 3223 1147 3260 sua
1183 3206 1558 3263 exstructione
1586 3206 1717 3276 HS,
1753 3224 1856 3260 sua
1891 3205 2233 3262 exstrutione
2266 3207 2320 3261 G

300 3278 389 3344 (cf.
415 3297 471 3346 p.
502 3282 629 3347 164,
644 3281 735 3332 23.
764 3281 892 3346 165,
912 3280 1019 3348 11).
1048 3280 1067 3347 n
1096 3284 1163 3332 12
1191 3279 1363 3336 favis.
1391 3278 1556 3349 pauis
1585 3286 1711 3334 ante
1737 3295 1874 3334 corr.
1897 3279 1962 3332 G.
1993 3280 2106 3347 1114
2135 3277 2326 3331 eaeH

299 3348 427 3415 (eoe)
457 3349 519 3403 18⁶
546 3353 637 3419 (ea
664 3349 757 3418 S):
793 3349 865 3420 he
897 3349 965 3404 G.
992 3351 1012 3418 ΙΙ
1042 3355 1107 3402 15
1143 3349 1299 3419 pleni
1334 3369 1388 3405 x.
1425 3353 1446 3420 ll
1485 3355 1549 3404 17
1588 3352 1653 3403 ut
1686 3367 1758 3405 ne
1786 3350 1938 3406 HG.
1976 3351 2041 3404 ut
2075 3364 2188 3402 non
2216 3348 2270 3404 S.
2298 3349 2319 3421 ΙΙ

302 3421 369 3468 18
398 3416 513 3472 sint
546 3433 646 3474 om.
674 3437 729 3474 ω.
758 3423 778 3490 ΙΙ
808 3425 873 3474 19
901 3419 1229 3474 fricaturam
1254 3424 1297 3492 (·
1300 3425 1355 3492 a)
1383 3440 1439 3476 x.
1471 3426 1481 3490 ι
1513 3421 1724 3476 fuerint
1748 3423 1852 3492 11111
1879 3427 1949 3474 24
1976 3420 2231 3475 sedentes
2257 3437 2314 3475 x.
