2664 3927
372 128 499 193 176
1212 125 1542 179 VITRUVII

294 297 331 343 4
368 278 737 355 singularum
780 296 978 336 rerum
1022 275 1382 353 gravitatem
1428 293 1552 335 esse
1597 294 1718 335 non
1763 277 1853 335 est
1898 274 2250 351 negandum.
2326 274 2394 332 id

370 371 570 425 autem
613 366 819 425 multis
862 365 1035 425 rebus
1081 368 1173 424 est
1217 364 1293 423 ad
1339 382 1512 422 usum
1558 364 1910 439 expeditum,
1993 383 2182 439 neque
2230 363 2394 421 enim

370 459 680 533 argentum
725 474 914 530 neque
960 472 1059 513 aes
1106 454 1232 512 sine
1278 471 1347 511 eo
1392 455 1592 528 potest
1635 455 1794 511 recte
1851 452 2135 512 inaurari.
2229 471 2391 511 cum-

371 564 484 621 que
525 540 533 623 Ι
573 546 637 602 in
680 546 844 603 veste
897 544 1191 601 intextum
1244 545 1336 601 est
1391 561 1598 599 aurum
1653 560 1841 617 eaque
1895 541 2078 601 vestis
2131 541 2394 599 contrita
2420 550 2537 605 178

369 637 615 710 propter
657 634 1017 693 vetustatem
1060 649 1236 691 usum
1279 650 1400 690 non
1442 630 1662 689 habeat
1704 631 2044 706 honestum,
2092 629 2279 706 panni
2323 630 2392 687 in
2425 651 2452 690 5

368 722 649 781 fictilibus
685 721 843 780 vasis
888 720 1134 794 inpositi
1180 738 1358 795 supra
1402 718 1603 795 ignem
1640 719 2078 778 comburuntur.
2150 720 2202 779 is
2240 719 2392 779 cinis

372 810 621 871 coicitur
681 810 745 866 in
798 828 1043 884 aquam,
1108 811 1168 867 et
1220 808 1462 867 additur
1515 826 1584 866 eo
1641 809 1953 885 argentum
2006 807 2226 867 vivum.
2327 808 2396 865 id

372 903 574 958 autem
628 916 827 957 omnes
870 892 877 975 Ι
918 897 1101 957 micas
1156 897 1290 955 auri
1346 897 1592 972 corripit
1645 897 1708 954 in
1763 915 1824 957 se
1881 899 1940 955 et
1986 895 2146 974 cogit
2190 914 2394 955 secum
2415 906 2478 957 (5)

373 988 544 1047 coire.
637 1005 792 1062 aqua
846 985 1053 1045 defusa
1106 1004 1241 1045 cum
1293 985 1357 1044 id
1406 986 1470 1043 in
1512 1004 1778 1061 pannum
1821 985 2156 1045 infunditur
2201 988 2278 1044 et·
2306 985 2394 1044 ibi

372 1075 645 1135 manibus
697 1075 1004 1151 premitur,
1059 1077 1373 1153 argentum
1425 1094 1533 1150 per
1584 1073 1770 1150 panni
1813 1074 2092 1133 raritates
2146 1076 2394 1150 propter
2427 1096 2481 1133 ιο

370 1165 665 1241 liquorem
710 1167 873 1223 extra
917 1163 1158 1238 labitur,
1202 1183 1414 1222 aurum
1451 1163 1882 1239 compressione
1927 1167 2198 1223 coactum
2233 1163 2394 1221 intra

372 1274 590 1330 purum
633 1253 948 1313 invenitur.
1731 1308 1734 1315 .

281 1333 362 1407 IX
506 1343 796 1403 Revertar
846 1361 1001 1401 nunc
1058 1341 1133 1399 ad
1192 1341 1363 1399 minii
1425 1343 1906 1416 temperaturam.
2005 1340 2170 1416 ipsae
2237 1340 2396 1399 enim

374 1423 636 1514 glaelbae
692 1451 825 1490 cum
880 1433 1022 1489 sunt
1071 1429 1298 1503 aridae,
1355 1429 1797 1488 contunduntur
1848 1429 1988 1505 pilis
2043 1429 2275 1504 ferreis,
2333 1433 2396 1487 et
2417 1438 2506 1492 (1⁰)

373 1520 696 1580 lotionibus
741 1523 802 1579 et
846 1518 1099 1577 cocturis
1145 1517 1362 1577 crebris
1407 1518 1630 1577 relictis
1667 1518 2020 1577 stercoribus
2058 1518 2395 1577 efficiuntur
2427 1538 2480 1577 15

374 1614 443 1669 ut
496 1609 817 1669 adveniant
872 1608 1111 1667 colores.
1212 1626 1348 1665 cum
1402 1626 1541 1683 ergo
1597 1607 1843 1667 emissae
1899 1608 2020 1667 sint
2075 1627 2143 1665 ex
2205 1606 2390 1665 minio

374 1719 483 1775 per
528 1697 759 1775 argenti
794 1696 919 1756 vivi
962 1696 1330 1755 relictionem
1378 1715 1524 1771 quas
1567 1695 1632 1753 in
1668 1715 1730 1755 se
1765 1696 2069 1755 naturales
2104 1696 2393 1755 habuerat

304 1804 338 1850 2
375 1788 654 1861 virtutes,
701 1785 955 1845 efficitur
998 1788 1202 1844 tenera
1248 1788 1464 1843 natura
1510 1788 1570 1843 et
1614 1784 1838 1845 viribus
1882 1784 2189 1845 inbecillis,
2277 1784 2392 1843 ita-

380 1894 493 1951 que
517 1894 651 1934 cum
680 1878 769 1933 est
794 1876 858 1933 in
886 1865 1361 1956 expollitionibus
1385 1873 1754 1933 conclavium
1780 1874 2044 1933 tectoriis
2070 1873 2396 1949 inductum,
2419 1883 2506 1934 (15)

376 1968 685 2042 permanet
729 1965 854 2023 sine
899 1965 1064 2023 vitiis
1110 1983 1215 2023 suo
1262 1962 1472 2022 colore.
1547 1962 1768 2039 apertis
1813 1983 1952 2023 vero
1999 1962 2061 2022 id
2107 1967 2197 2023 est
2241 1962 2395 2039 peri·
2427 1984 2482 2021 ρο

380 2053 553 2128 stylis
608 2055 713 2111 aut
767 2053 1033 2112 exhedris
1088 2056 1195 2111 aut
1249 2053 1458 2111 ceteris
1513 2051 1775 2111 eiusdem
1827 2052 1989 2114 modi
2041 2053 2214 2127 locis,
2278 2071 2396 2128 quo

380 2142 465 2202 so]
517 2144 577 2200 et
620 2142 763 2199 luna
807 2142 998 2217 possit
1044 2141 1383 2218 splendores
1431 2144 1491 2200 et
1535 2141 1734 2201 radios
1778 2141 2096 2217 inmittere,
2142 2161 2275 2200 cum
2321 2141 2396 2198 ab

377 2231 471 2290 his
507 2231 673 2289 locus
718 2230 1007 2306 tangitur,
1052 2230 1303 2289 vitiatur
1349 2233 1409 2289 et
1453 2231 1672 2289 amissa
1708 2231 1930 2290 virtute
1977 2229 2189 2290 coloris
2234 2229 2398 2287 deni-

380 2323 603 2397 gratur.
700 2319 905 2394 itaque
960 2338 1093 2377 cum
1147 2321 1207 2378 et
1260 2318 1369 2376 alii
1420 2319 1597 2377 multi
1637 2312 1645 2398 Ι
1686 2322 1818 2377 tum
1876 2320 2058 2378 etiam
2112 2318 2398 2377 Faberius
2421 2331 2508 2380 (20)

380 2407 572 2468 scriba
618 2427 752 2466 cum
796 2409 859 2466 in
894 2407 1191 2467 Aventino
1228 2407 1515 2466 voluisset
1558 2407 1774 2466 habere
1820 2408 2060 2466 domum
2097 2407 2402 2484 eleganter
2431 2427 2484 2467 25

382 2497 731 2573 expolitam,
790 2496 1093 2572 peristylis
1149 2497 1407 2573 parietes
1463 2515 1663 2555 omnes
1725 2496 1958 2555 induxit
2019 2496 2201 2555 minio
2214 2542 2229 2571 ,
2295 2497 2401 2572 qui

381 2590 519 2663 post
562 2586 687 2644 dies
732 2605 856 2644 xxx
900 2586 1043 2645 facti
1101 2588 1239 2644 sunt
1292 2585 1604 2644 invenusto
1649 2587 1934 2662 varioque
1985 2586 2194 2644 colore.
2283 2586 2399 2643 ita-

309 2691 343 2738 3
385 2695 497 2752 que
541 2694 648 2751 pro
694 2675 877 2735 minio
923 2675 1145 2735 locavit
1187 2674 1546 2734 inducendos
1593 2675 1742 2734 alios
1790 2675 2030 2734 colores.
2104 2678 2166 2732 at
2206 2674 2257 2732 si
2296 2675 2403 2749 qui

382 2765 659 2825 subtilior
708 2766 890 2823 fuerit
944 2769 1005 2824 et
1047 2763 1305 2825 voluerit
1359 2763 1777 2838 expolitionem
1831 2764 2182 2822 miniaceam
2228 2781 2402 2821 suum

382 2845 657 2936 cololrem
708 2855 989 2929 retinere,
1043 2872 1177 2912 cum
1227 2853 1425 2928 paries
1481 2852 1773 2928 expolitus
1829 2855 1889 2911 et
1943 2852 2142 2910 aridus
2199 2852 2402 2925 fuerit,
2411 2863 2468 2902 80
2477 2862 2555 2912 (25)

528 2995 556 3042 1
595 3005 708 3042 non
744 2990 831 3042 est
864 2988 1187 3057 negandum
1215 2986 1351 3041 HS:
1389 3003 1501 3040 non
1537 3001 1662 3055 neg.
1702 2988 1790 3040 est
1825 2985 1960 3041 EG.
2007 2987 2028 3054 ΙΙ
2071 2991 2106 3038 4
2142 2986 2296 3038 veste
2337 2985 2400 3039 S:

383 3065 538 3115 veste
568 3060 699 3114 HE
708 3060 775 3113 G.
810 3061 817 3128 Ι
850 3059 1125 3112 constrita
1152 3058 1227 3113 H.
1258 3061 1277 3128 ΙΙ
1306 3063 1335 3111 7
1367 3056 1600 3111 coicitur
1629 3057 1772 3111 EG:
1803 3055 2044 3126 coigitur
2071 3056 2151 3123 H,
2181 3054 2403 3126 cogitur

383 3131 429 3187 S
460 3133 543 3200 (ut
569 3127 671 3200 L).'
695 3132 714 3199 ΙΙ
750 3133 781 3181 8
821 3127 1000 3182 omnis
1030 3129 1105 3183 H.
1142 3131 1163 3198 11
1198 3135 1229 3183 9
1268 3128 1475 3182 diffusa
1508 3146 1563 3183 ω.
1601 3129 1620 3198 ΙΙ
1659 3133 1724 3181 16
1763 3127 1969 3181 emissa
2005 3129 2152 3182 esset
2188 3129 2304 3196 (ῆι
2333 3127 2404 3194 S)

385 3217 453 3256 ex
487 3199 652 3254 minii
688 3202 707 3270 (
753 3200 843 3268 Η)
880 3217 935 3255 x.
981 3202 1001 3269 ΙΙ
1048 3205 1113 3254 17
1152 3216 1235 3255 se:
1284 3216 1405 3254 sese
1443 3201 1513 3254 Ε.
1561 3201 1579 3268 ΙΙ
1626 3204 1691 3252 19
1728 3198 1896 3253 tectis
1931 3217 1972 3254 x
2009 3201 2164 3268 (corr.
2193 3199 2349 3267 Joc.).
2385 3197 2394 3270 Ι

386 3278 455 3325 20
490 3271 670 3341 peri(y
791 3268 957 3324 stiliis
990 3288 1044 3325 ω.
1082 3273 1103 3340 ΙΙ
1138 3276 1204 3324 21
1244 3270 1462 3325 exedris
1491 3270 1542 3325 S.
1573 3275 1591 3336 ΙΙ
1619 3274 1686 3323 25
1725 3269 2026 3324 adventino
2053 3287 2095 3324 x
2130 3272 2237 3340 (av.
2267 3270 2359 3338 L).
2387 3275 2394 3340 Ι

387 3348 455 3395 26
491 3341 795 3412 peristyliis
831 3358 885 3396 ω.
934 3343 951 3408 ΙΙ
997 3347 1063 3394 27
1104 3361 1242 3395 .xx1.
1272 3343 1335 3396 H
1345 3342 1474 3398 SG:
1509 3339 1749 3410 triginta
1786 3342 1857 3395 E.
1899 3343 1918 3411 ΙΙ
1961 3345 2027 3394 28
2063 3357 2164 3410 pro
2201 3340 2407 3396 miniot

385 3412 566 3480 primo
602 3431 656 3467 x.
708 3415 717 3483 Ι
766 3413 829 3467 at
856 3413 1001 3467 EG:
1042 3412 1116 3465 ad
1151 3412 1279 3467 HS.
1334 3415 1354 3482 ΙΙ
1408 3419 1474 3466 29
1513 3411 1769 3482 miniac(t
1797 3411 1978 3482 S)iam
2015 3429 2070 3468 x.
2123 3414 2145 3482 ΙΙ
2198 3417 2266 3465 30
2309 3428 2408 3466 ex-

386 3481 598 3550 politus
636 3486 694 3537 et
729 3483 919 3538 aridus
957 3485 1043 3538 est
1079 3483 1400 3538 suberetum
1440 3491 1533 3540 etc.
1572 3486 1654 3553 (p.
1687 3487 1812 3551 175,
1829 3485 1928 3552 22)
1965 3501 2020 3538 x.
