2664 3927
399 197 528 262 124
1242 194 1570 249 VITRUVII

395 347 704 424 pedalibus
748 346 965 425 tegulis
1021 345 1212 405 solum
1258 347 1560 403 sternatur
1601 343 1953 403 inclinatum
1998 341 2073 402 ad
2116 342 2438 418 hypocau-

397 436 526 512 sim,
574 437 667 495 uti
710 435 836 511 pila
882 454 1017 494 cum
1069 433 1349 493 mittatur
1394 451 1513 492 non
1557 434 1747 508 possit
1790 433 1949 492 intro
1993 429 2266 490 resistere
2313 432 2438 492 sed

395 543 600 584 rursus
654 524 860 583 redeat
911 524 989 582 ad
1041 521 1454 598 praefurnium
1511 521 1645 598 ipsa
1700 540 1808 597 per
1865 539 1944 580 se.
2034 520 2123 578 ita
2175 520 2437 584 flamma

394 613 632 673 facilius
674 610 1100 689 pervagabitur
1145 611 1251 672 sub
1298 611 1697 687 suspensione.
1770 628 2067 686 supraque
2112 609 2434 669 laterculis

394 700 722 762 bessalibus
767 701 927 776 pilae
972 703 1279 759 struantur
1321 699 1413 758 ita
1458 699 1779 775 dispositae
1824 698 1916 758 uti
1950 698 2253 775 bipedales
2290 689 2297 780 Ι
2330 701 2430 758 te·
2448 711 2476 750 5
2494 709 2578 758 (20)

396 792 572 868 gulae
629 791 861 866 possint
917 807 1098 865 supra
1151 807 1276 848 esse
1332 789 1690 848 conlocatae.
1780 787 2161 846 altitudinem
2214 788 2432 845 autem

394 879 554 956 pilae
616 877 878 937 habeant
935 878 1114 954 pedes
1172 877 1289 936 duo
1351 895 1573 953 eaeque
1635 879 1944 936 struantur
2006 875 2223 954 argilla
2283 894 2432 934 cum
2526 887 2541 902 ·

397 966 616 1044 capillo
679 966 953 1041 subacta,
1017 985 1312 1044 supraque
1373 966 1751 1026 conlocentur
1810 963 2049 1041 tegulae
2110 963 2429 1040 bipedales

328 1070 361 1118 3
400 1075 552 1131 quac
598 1055 929 1115 sustineant
970 1056 1399 1133 pavimentum.
1475 1054 2015 1114 concamarationes
2060 1071 2201 1113 vero
2247 1052 2300 1112 si
2350 1072 2429 1110 ex

399 1147 700 1204 structura
742 1146 938 1205 factae
990 1145 1240 1220 fuerint,
1297 1145 1472 1203 erunt
1522 1143 1820 1217 utiliores,
1873 1143 1967 1201 sin
2022 1144 2226 1200 autem
2278 1160 2425 1200 con·
2459 1163 2516 1201 ιο

397 1233 759 1311 tignationes
794 1224 1053 1315 fuelrint,
1096 1233 1412 1311 figulinum
1448 1249 1596 1308 opus
1633 1230 1981 1305 subiciatur,
2026 1229 2129 1289 sed
2171 1230 2284 1289 hoc
2332 1231 2427 1289 ita
2448 1243 2541 1291 (25)

399 1322 514 1380 erit
564 1322 917 1382 faciendum.
1007 1322 1250 1399 regulae
1302 1321 1531 1379 ferreae
1591 1321 1700 1378 aut
1760 1337 1931 1382 arcus
1987 1318 2138 1378 fiant
2194 1338 2426 1395 eaeque

397 1411 628 1470 uncinis
671 1411 877 1470 ferreis
922 1410 1000 1468 ad
1040 1401 1567 1491 conltignationem
1602 1407 2044 1485 suspendantur
2080 1425 2260 1483 quam
2296 1427 2425 1467 cre·
2448 1417 2566 1471 126

396 1499 694 1574 berrimis,
753 1517 974 1574 eaeque
1028 1498 1270 1575 regulae
1325 1497 1452 1557 sive
1506 1516 1677 1556 arcus
1734 1496 1823 1556 ita
1882 1497 2273 1573 disponantur
2326 1497 2423 1554 uti

397 1589 636 1665 tegulae
681 1587 807 1647 sine
851 1587 1218 1663 marginibus
1272 1585 1477 1645 sedere
1518 1585 1583 1643 in
1636 1585 1865 1644 duabus
1917 1585 2238 1661 invehique
2282 1604 2422 1661 pos·
2453 1606 2505 1646 15

396 1677 536 1750 sint,
590 1678 652 1734 et
702 1677 791 1734 ita
844 1677 1010 1735 totae
1065 1675 1604 1734 concamarationes
1657 1674 1721 1732 in
1774 1674 1931 1734 ferro
1986 1675 2242 1733 nitentes
2296 1674 2423 1732 sint

395 1765 710 1841 perfectae.
794 1783 1113 1840 earumque
1151 1781 1527 1822 camararum
1566 1762 1871 1839 superiora
1912 1756 1921 1840 Ι
1962 1765 2310 1840 coagmenta
2349 1783 2421 1820 ex
2450 1774 2508 1824 (⁵)

398 1852 613 1930 argilla
659 1872 792 1912 cum
837 1852 1054 1929 capillo
1102 1851 1351 1912 subacta
1389 1851 1696 1925 liniantur,
1740 1851 1987 1911 inferior
2020 1853 2225 1910 autem
2258 1870 2419 1927 pare,

399 1959 554 2018 quae
618 1942 694 2001 ad
756 1942 1165 2019 pavimentum
1219 1943 1478 2019 spectat,
1540 1941 1799 2018 primum
1852 1941 2011 2000 testa
2073 1958 2207 2000 cum
2259 1939 2418 1999 calce

397 2030 789 2105 trullissetur,
851 2030 1060 2089 deinde
1115 2048 1290 2106 opere
1356 2029 1583 2089 albario
1634 2029 1759 2089 sive
1821 2028 2073 2089 tectorio
2134 2029 2415 2105 poliatur.
2446 2050 2498 2088 20

400 2137 624 2194 eaeque
688 2137 958 2178 camarae
1018 2119 1084 2177 in
1147 2118 1423 2178 caldariis
1488 2118 1539 2177 si
1603 2118 1863 2194 duplices
1923 2119 2119 2177 factae
2175 2118 2418 2192 fuerint,

397 2208 702 2267 meliorem
744 2207 1050 2266 habebunt
1092 2226 1281 2266 usum.
1364 2225 1485 2265 non
1530 2206 1686 2265 enim
1732 2226 1769 2265 a
1813 2224 2033 2283 vapore
2078 2224 2249 2265 umor
2295 2225 2417 2265 cor-

398 2314 669 2372 rumpere
711 2289 718 2374 Ι
757 2296 981 2371 poterit
1023 2296 1336 2354 materiem
1380 2294 1868 2372 contignationis,
1922 2294 2025 2354 sed
2068 2295 2227 2354 inter
2270 2295 2417 2354 duas
2436 2308 2519 2357 (1⁰)

328 2396 362 2445 4
399 2402 667 2443 camaras
724 2383 1058 2460 vagabitur.
1159 2383 1599 2461 magnitudines
1654 2387 1858 2442 autem
1909 2383 2280 2443 balinearum
2331 2386 2416 2443 vi-

399 2471 617 2530 dentur
659 2472 788 2531 fieri
830 2490 940 2550 pro
989 2472 1160 2548 copia
1202 2472 1527 2547 hominum,
1571 2467 1977 2551 (dummodo)
2022 2472 2143 2531 sint
2176 2472 2265 2531 ita
2302 2472 2414 2531 dis·
2443 2495 2495 2533 ετ)

396 2560 647 2638 positae.
735 2563 964 2637 quanta
1011 2560 1323 2639 longitudo
1375 2560 1573 2636 fuerit,
1627 2560 1809 2620 tertia
1829 2618 1833 2624 ,
1856 2561 2116 2638 dempta,
2161 2560 2415 2619 latitudo

542 2842 574 2891 5
611 2837 898 2892 besalibus
934 2854 989 2893 x.
1032 2838 1042 2907 Ι
1081 2836 1239 2907 tegul
1311 2852 1413 2891 om.
1448 2836 1501 2892 G
1538 2836 1734 2906 (suppl.
1767 2836 1877 2905 6³⁶).
1922 2837 1943 2905 ΙΙ
1988 2841 2020 2889 6
2058 2835 2410 2891 altitudinem

398 2912 514 2979 (me
543 2909 584 2963 S
593 2909 614 2978 )
644 2909 707 2962 H
716 2908 778 2964 S:
809 2925 930 2964 -nes
961 2908 1028 2963 G.
1057 2911 1076 2976 ΙΙ
1105 2912 1135 2963 7
1163 2924 1234 2977 pe
1274 2922 1337 2961 es
1366 2907 1475 2960 duo
1502 2925 1543 2963 a:
1571 2905 1702 2976 (duo
1733 2906 1898 2961 semis
1922 2907 2062 2962 Fav.
2086 2925 2144 2977 p.
2168 2909 2375 2977 300,8).
2394 2908 2413 2979 ΙΙ

399 2985 431 3034 9
454 2980 600 3050 (item
620 2983 747 3047 126,
765 2981 821 3049 3)
849 2976 1364 3033 concamarationes
1385 2977 1452 3031 H
1460 2978 1529 3043 G,
1558 2977 1916 3031 ·merationes
1937 2977 1989 3033 S.
2018 2979 2038 3047 ΙΙ
2067 2983 2131 3031 11
2161 2976 2409 3048 figlinum

397 3068 452 3106 ω.
481 3053 500 3121 n
531 3055 595 3104 12
629 3064 688 3103 re
767 3050 825 3103 la
863 3051 981 3118 (sic,
1014 3048 1093 3123 -le
1127 3048 1257 3119 ΘΒ)
1293 3048 1506 3103 ferreae
1544 3050 1682 3175 offe
1715 3048 1782 3116 G,
1820 3064 1936 3122 -ree
1966 3048 2113 3120 SGc)
2140 3049 2217 3103 H.
2252 3056 2261 3117 Ι
2292 3064 2409 3103 eae-
2611 3063 2631 3134 Ι·

398 3137 509 3190 que
535 3121 676 3176 HS:
745 3135 923 3188 aeque
954 3121 1018 3177 Θ.
1047 3122 1067 3190 ΙΙ
1096 3125 1161 3173 17
1201 3136 1545 3174 camararum
1654 3120 1706 3174 G
1742 3121 1854 3189 (sed
1890 3135 2235 3174 camerarum
2264 3119 2321 3188 S,
2352 3128 2411 3175 ut

396 3210 438 3247 x
464 3209 512 3247 v.
543 3195 597 3246 8.
619 3192 728 3261 10).
793 3209 818 3245 e
855 3207 886 3246 ο
921 3208 1071 3246 nune
1105 3208 1308 3261 semper
1340 3191 1540 3260 scripsi
1577 3206 1859 3245 camaram
1886 3192 1970 3261 (ut
2004 3192 2161 3246 habet
2186 3208 2227 3246 x
2254 3194 2411 3246 etiam

401 3267 530 3331 1⁷0,
559 3268 631 3318 21
687 3268 738 3317 et
783 3208 854 3317 (ἶ
881 3265 1121 3329 207,19.
1187 3265 1255 3329 cf.
1297 3265 1493 3330 ¹75,19.
1532 3264 1767 3341 325‚23.
1806 3263 1936 3327 126,
1956 3264 2006 3315 3.
2071 3262 2230 3317 Ptin.
2270 3262 2407 3333 Any.

402 3337 491 3401 12,
511 3338 598 3389 79.
657 3333 790 3387 Keil
825 3334 901 3386 ad
938 3332 1095 3387 Varr.
1120 3350 1176 3401 p.
1205 3335 1353 3402 251).
1383 3335 1402 3402 ΙΙ
1432 3338 1497 3385 18
1532 3330 1764 3386 inferior
1790 3331 1954 3402 (Fav.
1976 3349 2035 3401 p.
2066 3336 2195 3402 301,
2214 3334 2294 3402 5)=
2332 3332 2407 3387 in-

398 3403 572 3457 terior
606 3422 661 3459 x.
689 3407 708 3474 ΙΙ
736 3408 805 3457 20
840 3401 1134 3457 trulizetur
1172 3403 1243 3471 G,
1277 3403 1544 3457 tulizetur
1578 3403 1696 3458 HS
1727 3401 1984 3474 (trulliss-
2022 3404 2181 3471 infra
2214 3420 2409 3473 semper

400 3490 468 3539 x,
528 3475 641 3529 misi
702 3476 846 3544 quod
899 3473 1219 3528 trulissetur
1270 3475 1386 3530 HS
1432 3479 1559 3541 170,
1583 3476 1658 3543 2).
1722 3475 1731 3542 Ι
1804 3478 1872 3527 24
1926 3472 2254 3528 balneorum
2306 3492 2357 3529 ω.
2390 3475 2409 3547 ΙΙ

404 3546 471 3594 25
510 3543 807 3599 dummodo
835 3544 1046 3615 (Fav.):
1086 3562 1185 3599 om.
1213 3562 1269 3601 x.
1303 3551 1312 3611 1
1346 3542 1652 3614 dispositae
1741 3562 1853 3601 av.:
1892 3543 2233 3614 compositae
2268 3562 2322 3600 ω.
