2664 3927
186 1040 302 1096 287
460 1031 550 1089 De
578 1030 726 1090 artis
753 1029 1245 1090 architectonicae
1269 1029 1491 1104 peritia
1517 1030 1707 1089 multa
1736 1030 2001 1090 oratione
2028 1030 2337 1089 Vitruvius

327 1120 496 1180 Polio
551 1119 772 1194 aliique
839 1121 1107 1178 auctores
1163 1118 1551 1178 scientissime
1606 1118 1905 1194 scripsere.
1996 1138 2206 1178 verum.
2262 1137 2337 1177 ne

327 1209 507 1286 longa
571 1227 774 1268 eorum
837 1205 1173 1283 disertaque
1248 1207 1533 1266 facundia
1603 1206 2013 1266 humilioribus
2084 1207 2338 1286 ingeniis

330 1298 590 1356 alienum
632 1299 857 1357 faceret
901 1296 1179 1370 studium,
1222 1315 1414 1372 pauca
1460 1313 1531 1355 ex
1572 1296 1667 1356 his
1710 1295 1991 1354 mediocri
2035 1295 2177 1354 licet
2220 1315 2338 1355 ser-

277 1405 302 1446 5
329 1406 502 1445 mone
535 1386 787 1462 privatis
830 1381 838 1464 Ι
879 1385 1080 1445 usibus
1108 1384 1381 1444 ordinare
1416 1385 1535 1444 fuit
1560 1383 1887 1444 consilium.
1961 1403 2113 1459 quae
2137 1387 2339 1460 partes

326 1477 531 1552 itaque
577 1475 728 1534 caeli
773 1477 834 1533 et
877 1475 1148 1552 regiones
1190 1477 1507 1534 ventorum
1551 1473 1815 1534 salubres
1863 1472 2143 1532 aedificiis
2178 1473 2339 1532 vide-

327 1568 505 1623 antur
549 1567 610 1623 et
655 1583 772 1640 qua
819 1563 1148 1622 subtilitate
1193 1563 1389 1623 nocivi
1434 1564 1611 1622 flatus
1646 1565 1995 1622 avertantur
2028 1561 2342 1637 aditusque

326 1655 642 1713 ianuarum
687 1655 749 1711 et
791 1653 1018 1710 lumina
1061 1653 1335 1712 fenestris
1378 1652 1611 1711 utiliter
1652 1651 2010 1726 tribuantur,
2056 1650 2341 1726 quibusve

327 1743 617 1801 mensuris
664 1740 1066 1800 aedificiorum
1118 1740 1385 1800 membra
1439 1740 1844 1816 disponantur,
1898 1740 2111 1815 quibus
2158 1739 2341 1816 signis

252 1851 304 1891 ιο
329 1829 525 1889 tenuis
600 1829 1024 1904 abundansque
1088 1847 1243 1904 aqua
1283 1823 1291 1906 Ι
1330 1828 1697 1904 inveniatur,
1761 1828 1881 1886 alia
1945 1829 2126 1887 etiam
2190 1847 2342 1903 quae

332 1917 682 1977 aedificandi
737 1917 932 1995 gratia
987 1917 1134 1978 scire
1181 1920 1418 1993 oportet
1470 1917 1636 1977 brevi
1682 1917 2099 1993 succinctaque
2144 1935 2344 1977 narra-

331 2008 492 2066 tione
539 2026 870 2084 cognosces,

462 2095 662 2156 Primo
708 2115 846 2174 ergo
894 2115 1046 2171 quae
1088 2094 1382 2171 principia
1408 2094 1485 2153 ad
1512 2095 1967 2155 architecturam
1991 2096 2287 2171 pertinere
2392 2105 2429 2144 1·
2466 2104 2557 2167 De,

331 2185 586 2244 debeant
615 2184 878 2245 studiose
906 2184 1209 2245 attendere
1236 2187 1526 2247 convenit.
1600 2184 1797 2243 omnia
1840 2188 1998 2245 enim
2041 2185 2286 2260 pulchro
2313 2158 2612 2253 ,ss’ffimffssffi

256 2294 305 2335 1⁵
333 2274 540 2333 decore
585 2292 655 2332 ac
699 2278 948 2333 venusta
992 2274 1255 2333 utilitate
1297 2274 1429 2335 fieri
1473 2277 1780 2352 poterunt,
1826 2276 1879 2333 si
1927 2277 2065 2334 ante
2109 2274 2283 2331 huius
2329 2265 2590 2347 teotonicae.

229 2375 315 2427 (ιω
335 2363 482 2421 artis
523 2357 531 2440 Ι
569 2362 796 2439 peritus
852 2364 994 2422 ordo
1050 2363 1327 2422 discatur.
1418 2383 1559 2423 nam
1614 2363 2041 2423 architecturae
2094 2365 2293 2439 partes
2321 2337 2438 2377 vm·
2469 2339 2503 2388 ¹³
2532 2338 2569 2376 ²·

335 2455 474 2511 sunt
517 2454 669 2525 octo,
714 2471 864 2527 quae
910 2455 1048 2512 sunt
1093 2452 1416 2528 ordinatio,
1462 2451 1791 2529 dispositiO,
1835 2456 2112 2512 venustas
2126 2496 2141 2525 ‚
2185 2468 2347 2509 men-

336 2560 498 2615 sura,
553 2540 894 2601 distributio
908 2587 923 2616 ‚
977 2540 1337 2616 aedificati0‚
1392 2542 1745 2614 conlocatiO,
1800 2541 2176 2600 machinatio.
2278 2558 2348 2597 ex

334 2629 426 2687 his
475 2627 686 2688 Graeci
742 2630 1002 2705 quinque
1054 2630 1359 2690 vocabulis
1423 2631 1687 2690 studium
1741 2630 2167 2689 architecturae
2223 2647 2347 2687 esse

258 2739 310 2779 πο
337 2717 681 2777 docuerunt.
781 2738 920 2778 nam
977 2718 1411 2779 ordinationem
1462 2720 1662 2793 ταξιν,
1718 2718 2163 2795 dispositionem
2218 2718 2345 2776 δια-

232 2818 316 2871 (80)
335 2809 521 2881 Oectv,
549 2809 922 2866 venustatem
963 2801 970 2887 Ι
1011 2812 1073 2867 et
1099 2808 1369 2867 decorem
1398 2810 1750 2882 ευρυθμιαν,
1778 2808 2151 2866 modulorum
2186 2825 2346 2865 men-

338 2914 504 2955 suras
542 2912 934 2971 (υμμετριαν,
972 2896 1449 2956 distributionem
1484 2912 1851 2967 οικονομιαν
1878 2896 2347 2972 appellaverunt.

338 2984 633 3043 ordinatio
691 2987 783 3043 est
837 3003 975 3063 ergo
1029 2985 1425 3045 membrorum
1478 2984 1812 3060 dispositiO,
1878 2988 1938 3043 et
1992 2986 2225 3044 constat
2278 3004 2350 3042 ex

209 3080 322 3136 288
338 3075 694 3148 quantitate,
741 3092 921 3149 quam
957 3073 1164 3133 Graeci
1204 3069 1213 3153 Ι
1255 3090 1575 3147 ποεοτητα
1611 3077 1843 3133 vocant.
1918 3075 2221 3149 quantitas
2259 3076 2349 3133 est

267 3179 316 3220 25
339 3162 548 3221 modus
594 3162 963 3239 singulorum
1003 3163 1399 3223 membrorum
1446 3162 1719 3221 universo
1763 3161 2121 3239 respondens
2168 3160 2348 3237 operi.

345 3249 651 3326 dispositio
697 3254 790 3311 est
836 3254 978 3327 apta
1021 3251 1192 3310 rebus
1239 3252 1607 3311 conclavium
1657 3251 1957 3311 institutio
1971 3298 1986 3326 ,
2040 3254 2101 3310 et
2155 3251 2349 3325 operis

272 3354 278 3361 ·
344 3338 529 3397 futuri
586 3341 777 3399 forma
829 3340 1017 3399 tribus
1070 3340 1274 3417 figuris
1329 3340 1546 3416 divisa,
1611 3360 1761 3417 quae
1816 3360 1854 3399 a
1908 3339 2147 3399 Graecis
2210 3340 2349 3399 ιδεα

271 3434 328 3487 (5)
347 3428 698 3502 appellatur.
796 3430 942 3489 haec
995 3431 1133 3487 sunt
1189 3448 1329 3507 ergo
1384 3433 1504 3490 tres
1546 3425 1554 3508 Ι
1593 3430 1842 3508 figurae,
1904 3428 2349 3505 ichnographia,

349 3514 798 3594 orthographia,
851 3519 1289 3597 scenographia.
1388 3519 1814 3597 ichnographia
1876 3514 1967 3576 est
2026 3534 2199 3575 areae
2252 3518 2349 3576 vel
