2664 3927
325 162 457 227 290
975 161 1050 216 Μ.
1090 159 1254 217 CETI
1287 159 1693 216 FAVENTINI

331 313 748 389 quinamentiS.
829 312 922 372 his
970 311 1154 389 signis
1199 311 1493 369 munitam
1540 310 1837 370 salubrem
1880 312 2365 387 perpetuamque

330 420 548 478 aquam
592 402 855 460 futuram
900 399 1336 477 significabunt.

117 487 200 526 VI·
238 485 306 524 ¹³⁰
521 490 750 550 Ductus
813 492 1015 548 autem
1068 507 1258 564 aquae
1315 490 1600 563 quattuor
1653 487 1964 565 generibus
2016 487 2194 566 flunt,
2250 490 2368 545 aut

93 539 338 632 ῗίῗιῖῗῖοιὶιῖ
381 580 577 639 forma
599 571 606 660 Ι
632 578 889 637 structili
914 580 1022 636 aut
1043 577 1258 636 fistulis
1285 575 1579 652 plumbeis
1609 580 1714 635 aut
1739 576 1900 636 tubis
1918 576 2017 636 vel
2045 575 2361 635 canalibus
2388 588 2459 640 (5)

61 664 354 769 (gfff-9⁸33·
379 668 594 745 ligneis
639 671 745 728 aut
788 666 947 725 tubis
992 664 1292 724 fictilibus.
1365 667 1418 724 si
1452 685 1560 741 per
1593 666 1847 723 formam
1883 683 2043 740 aqua
2088 665 2361 740 ducetur,
2396 685 2429 726 5

241 747 252 768 ’
382 759 679 817 structura
707 757 832 816 eius
855 755 1172 832 diligenter
1195 754 1437 813 solidari
1468 754 1660 829 debet,
1683 773 1757 812 ne
1784 773 1892 830 per
1916 755 2099 813 rimas
2125 756 2353 829 pereat.

329 845 691 904 canaliculus
754 845 980 902 formae
1042 844 1210 902 iuxta
1263 843 1737 920 magnitudinem
1791 861 1982 918 aquae
2042 842 2356 919 dirigatur.

329 934 379 993 si
433 933 647 1009 planus
699 934 863 992 locus
918 932 1127 1007 fuerit,
1180 931 1338 990 infra
1392 935 1572 1007 caput
1626 949 1819 1008 aquae
1874 933 2171 990 structura
2217 949 2356 989 con-

329 1023 558 1081 locetur
613 1024 702 1095 et,
761 1022 812 1081 si
853 1015 862 1099 Ι
901 1020 1137 1099 longior
1188 1020 1447 1096 planitia
1498 1021 1707 1094 fuerit,
1759 1021 1909 1096 pede
1964 1019 2141 1079 semis
2194 1019 2356 1078 inter
2375 1031 2479 1083 (1⁰)

331 1113 605 1170 centenos
649 1110 747 1169 vel
791 1129 871 1167 Lx
915 1110 1094 1186 pedes
1139 1111 1445 1168 structura
1494 1108 1906 1184 submittatur,
1962 1111 2029 1167 ut
2084 1109 2355 1167 animata
2386 1129 2451 1168 ιο

331 1218 487 1275 aqua
531 1218 651 1257 non
694 1199 867 1276 pigro
911 1200 1142 1277 impetu
1177 1198 1468 1258 decurrat.
1540 1216 1681 1256 nam
1726 1198 1777 1257 si
1820 1197 2141 1257 intervalla
2186 1215 2354 1256 mon-

330 1289 483 1346 tium
539 1288 788 1362 fuerint,
849 1287 925 1346 ad
982 1287 1405 1346 libramentum
1463 1287 1676 1362 capitis
1732 1305 1923 1362 aquae
1978 1304 2186 1362 specus
2244 1285 2355 1344 sub

331 1381 492 1436 terra
547 1377 661 1435 erit
715 1379 1014 1435 structura
1068 1378 1175 1434 aut
1226 1375 1487 1435 roboreis
1544 1375 1849 1435 canalibus
1896 1393 2088 1451 aquae
2135 1375 2353 1434 ductus

332 1468 736 1542 componatur.
850 1465 1062 1541 quodsi
1123 1455 1433 1545 conlcavae
1496 1463 1750 1522 vallium
1812 1464 2195 1523 demissiones
2261 1465 2353 1521 in·
2374 1474 2473 1527 (1⁵)

333 1554 603 1631 pedient,
675 1556 971 1613 structura
1043 1552 1236 1611 solida
1296 1553 1393 1612 vel
1458 1553 1732 1612 arcuatili
1796 1553 1873 1612 ad
1934 1553 2359 1612 libramentum
2389 1573 2448 1612 15

335 1661 530 1719 aquae
567 1645 924 1712 occurratur,
963 1645 1067 1700 aut
1100 1641 1316 1700 fistulis
1352 1641 1645 1717 plumbeis
1673 1645 1781 1700 aut
1808 1641 2112 1701 canalibus
2141 1640 2360 1700 librate

337 1750 538 1791 cursus
585 1731 893 1808 dirigatur.
983 1749 1190 1790 verum
1235 1732 1285 1788 si
1331 1729 1512 1788 altior
1554 1729 1717 1790 locus
1772 1730 1954 1790 fuerit
1997 1730 2153 1788 unde
2198 1749 2361 1806 aqua

337 1822 602 1895 ducitur,
667 1820 974 1896 aliquanto
1037 1819 1284 1878 inferius
1349 1818 1605 1894 planitia
1667 1819 1883 1878 inflexa
1943 1818 2222 1893 libretur,
2284 1821 2361 1877 ut

334 1909 576 1970 veniens
606 1928 763 1985 aqua
787 1909 979 1971 fracto
1007 1909 1237 1984 impetu
1262 1908 1453 1967 lenius
1496 1902 1503 1987 Ι
1546 1908 1833 1968 decurrat.
1908 1911 2015 1967 aut
2042 1909 2089 1967 si
2119 1907 2359 1985 longius
2379 1920 2473 1973 (so)

336 1999 408 2057 de
443 2001 646 2058 monte
673 1998 925 2072 ducitur,
961 2000 1196 2074 saepius
1232 1998 1525 2057 flexuosas
1560 1998 1841 2073 planities
1876 1998 2076 2057 facies.
2140 1999 2361 2056 minori
2388 2019 2445 2060 so

337 2087 520 2147 etiam
565 2089 807 2162 sumptu
853 2089 914 2145 et
958 2087 1165 2146 utilius
1210 2086 1370 2145 tubis
1416 2086 1695 2145 fictilibus
1740 2087 2058 2145 inducitur.
2139 2104 2276 2145 cum
2323 2106 2358 2145 a

335 2175 519 2253 figulo
565 2193 703 2252 ergo
749 2174 912 2249 fient,
956 2194 1028 2234 ne
1074 2176 1268 2233 minus
1306 2174 1559 2234 duorum
1596 2175 1920 2252 digitorum
1957 2175 2356 2252 grossitudine

338 2264 562 2324 corium
606 2263 882 2322 habeant.
954 2264 1056 2323 sed
1102 2264 1219 2341 ipsi
1262 2263 1461 2322 tubuli
1506 2283 1575 2322 ex
1620 2283 1739 2322 una
1773 2267 1946 2339 parte
1982 2265 2363 2341 angustiores

337 2353 511 2428 fiant,
565 2356 634 2411 ut
688 2353 840 2412 alter
892 2352 956 2411 in
1013 2353 1265 2411 alterum
1319 2370 1427 2429 per
1480 2344 1763 2434 orldinem
1818 2351 1896 2411 ad
1948 2354 2215 2429 palmum
2268 2354 2357 2411 in-
2378 2365 2469 2418 (25)

339 2442 658 2519 grediatur.
750 2443 1060 2501 iuncturae
1117 2445 1315 2501 autem
1372 2460 1574 2500 eorum
1630 2442 1787 2501 calce
1842 2443 1981 2501 viva
2036 2442 2168 2501 oleo
2224 2441 2358 2499 sub·
2387 2462 2440 2503 25

339 2532 475 2590 acta
519 2530 891 2589 inliniantur.
983 2534 1042 2589 et
1090 2534 1412 2605 antequam
1458 2549 1493 2589 a
1541 2531 1735 2606 capite
1788 2548 1945 2607 aqua
1992 2530 2359 2606 demittatur,

337 2619 548 2679 favilla
609 2638 716 2695 per
779 2638 877 2679 eos
943 2638 1076 2678 cum
1137 2638 1322 2695 parvo
1381 2619 1613 2695 liquore
1672 2619 1920 2695 laxetur,
1962 2612 1969 2701 Ι
2010 2622 2081 2678 ut
2134 2620 2184 2679 si
2241 2638 2359 2695 qua
2379 2628 2501 2685 294

339 2710 490 2768 vitia
532 2708 727 2767 tubuli
771 2708 1086 2768 habuerint
1131 2709 1535 2767 excludantur.
1608 2708 1902 2767 salubrior
1942 2708 2125 2767 etiam
2168 2708 2358 2768 multo

339 2797 681 2856 tubulorum
733 2798 986 2857 materia
1043 2798 1359 2857 invenitur.
1460 2817 1530 2857 ex
1592 2796 1836 2872 plumbo
1901 2796 2060 2855 enim
2121 2815 2359 2855 cerussa

340 2886 619 2960 nascitur,
667 2905 816 2961 quae
865 2886 1204 2961 corporibus
1249 2886 1521 2946 humanis
1572 2888 1783 2946 nociva
1830 2889 1934 2945 est.
2027 2886 2362 2961 exemplum
2387 2908 2440 2947 so

311 2978 543 3034 ‘autem
569 2974 744 3033 huius
773 2974 1240 3050 plumbariorum
1266 2975 1610 3034 deformitas
1638 2974 1869 3051 probat,
1908 2974 2014 3050 qui
2046 2975 2361 3033 tractando

345 3055 353 3145 1
386 3062 697 3139 plumbum
735 3066 998 3122 exsucati
1035 3065 1320 3141 sanguine
1357 3063 1529 3124 foedo
1566 3064 1795 3140 pallore
1831 3066 2156 3122 mutantur.
2219 3083 2359 3121 nam
2379 3076 2439 3127 (5)

341 3170 476 3211 cum
519 3152 642 3210 fere
689 3169 888 3211 omnes
935 3155 1190 3212 structas
1235 3170 1513 3211 vasorum
1557 3154 1973 3229 argenteorum
2008 3152 2104 3211 vel
2150 3170 2361 3211 aeneo-

341 3260 473 3297 rum
515 3239 776 3299 habeant
829 3258 1089 3315 mensaS,
1141 3244 1343 3299 tamen
1386 3244 1630 3316 propter
1674 3242 1901 3317 saporis
1951 3242 2363 3318 integritatem

339 3327 622 3387 fictilibus
686 3329 941 3389 vasculis
1004 3332 1272 3387 utuntur.
1372 3348 1493 3388 non
1556 3330 1815 3389 alienum
1876 3330 2115 3389 videtur
2178 3331 2363 3388 etiam
2392 3352 2443 3392 :35

344 3418 764 3490 conceptacula
808 3417 954 3477 locis
1001 3419 1310 3493 oportunis
1356 3419 1567 3494 facere,
1612 3420 1682 3477 ut
1727 3420 1779 3479 si
1817 3438 2004 3494 aquae
2044 3419 2362 3477 exhaustae

345 3501 485 3560 solis
524 3495 848 3584 arldoribus
883 3506 1106 3565 fuerint
1143 3508 1249 3564 aut
1275 3524 1457 3567 venas
1490 3508 1696 3567 sitiens
1725 3510 1887 3567 terra
1915 3510 2361 3584 consumpserit,
2381 3520 2470 3573 (10)
