2664 3927
211 493 276 540 11

209 1645 277 1692 12

321 146 404 211 18
489 113 494 119 ⁵
1164 147 1495 201 VITRUVII
1540 126 1549 135 '

316 297 600 357 vocitant.
693 317 763 356 ex
817 316 886 356 eo
939 297 1082 356 licet
1135 298 1283 356 scire
1336 296 1465 356 cibo
1512 301 1692 373 atque
1738 317 1901 373 aqua
1944 297 2341 373 proprietates

315 386 584 447 locorum
625 386 981 444 naturaliter
1025 386 1370 461 pestilentes
1416 388 1522 446 aut
1566 386 1829 445 salubres
1878 405 2020 445 esse.

449 474 604 533 Item
658 474 710 533 si
762 475 827 533 in
856 474 1198 550 ‘paludibus
1250 475 1487 535 moenia
1542 476 1867 535 constituta
1923 478 2123 549 erunt,
2187 494 2339 551 quae
2446 520 2453 544 2

316 563 564 640 paludes
609 563 929 623 secundum
974 582 1137 622 mare
1182 564 1424 638 fuerint,
1468 564 1937 640 spectabuntque
1984 564 2061 623 ad
2107 567 2339 640 septen-

315 643 590 734 triolnem
635 654 741 711 aut
783 652 941 710 inter
985 651 1449 728 septentrionem
1494 656 1557 712 et
1602 653 1913 727 orientem,
1969 672 2189 728 eaeque
2234 672 2337 728 pa·
2353 665 2486 720 msc)

315 740 482 799 ludes
520 741 864 799 excelsiores
901 740 1124 799 fuerint
1161 761 1342 817 quam
1374 742 1520 801 litus
1554 741 1867 817 marinum,
1907 742 2140 800 ratione
2177 741 2338 800 vide-

314 829 538 887 buntur
574 848 698 888 esse
737 828 1076 889 constituta.
1149 830 1324 889 fossis
1362 830 1520 888 enim
1564 830 1756 889 ductis
1800 830 1872 889 fit
1916 849 2109 906 aquae
2147 830 2337 889 exitus

317 917 394 976 ad
437 918 598 993 litus,
646 920 707 976 et
749 937 912 976 mare
956 918 1410 995 tempestatibus
1457 922 1697 979 auctum
1740 919 1805 977 in
1837 918 2086 995 paludes
2121 918 2337 977 redun-

316 1005 525 1064 dantia
595 1006 954 1066 motionibus
1026 1007 1324 1066 concitata
1392 1007 1700 1083 amarique
1771 1007 2153 1067 mixtionibus
2217 1025 2336 1066 non
2444 1056 2451 1065 .

315 1094 546 1170 patitur
579 1087 923 1177 bestialrum
957 1096 1313 1171 palustrium
1354 1115 1573 1175 genera
1607 1096 1692 1154 ibi
1728 1096 1909 1170 nasci,
1956 1115 2225 1173 quaeque
2262 1096 2333 1155 de
2346 1108 2502 1161 1⁰(85)

316 1184 717 1259 superioribus
759 1179 766 1263 Ι
805 1183 952 1245 locis
1005 1185 1268 1244 natando
1313 1184 1579 1261 proxime
1624 1185 1771 1243 litus
1815 1185 2201 1261 perveniunt,
2244 1185 2335 1242 in-
2372 1194 2453 1251 20

317 1274 601 1331 consueta
646 1272 999 1332 salsitudine
1044 1276 1348 1333 necantur.
1431 1273 1731 1349 exemplar
1776 1276 1977 1332 autem
2021 1274 2204 1333 huius
2247 1273 2338 1333 rei

319 1359 582 1419 Gallicae
618 1362 868 1437 paludes
906 1366 1159 1438 possunt
1195 1380 1320 1421 esse
1360 1381 1515 1437 quae
1553 1363 1772 1422 circum
1799 1362 2077 1421 Altinum
2104 1362 2335 1423 Raven-

314 1467 454 1508 nam
498 1449 843 1525 Aquileiam
887 1451 1128 1526 aliaque
1174 1470 1328 1527 quae
1374 1451 1438 1509 in
1484 1451 1772 1511 eiusmodi
1818 1451 1964 1510 locis
2010 1451 2335 1527 municipia

315 1541 454 1597 sunt
507 1539 776 1614 proxima
830 1532 1193 1621 paludiflbuS,
1250 1540 1413 1615 quod
1455 1540 1548 1599 his
1594 1539 1927 1599 rationibus
1978 1540 2202 1598 habent
2246 1540 2333 1597 in-
2350 1551 2401 1593 15
2416 1551 2478 1605 (5)

315 1626 654 1685 credibilem
717 1627 1148 1687 salubritatem.
1258 1627 1476 1703 quibus
1542 1631 1746 1687 autem
1808 1628 2131 1688 insidentes
2196 1632 2337 1687 sunt

313 1715 560 1791 paludes
591 1718 652 1773 et
678 1735 798 1774 non
831 1715 1055 1775 habent
1088 1716 1278 1776 exitus
1315 1717 1677 1793 profluentes
1714 1736 1908 1793 neque
1945 1737 2052 1793 per
2086 1718 2335 1776 flumina

313 1822 507 1879 neque
570 1822 677 1879 per
738 1805 952 1880 fossaS‚
1016 1805 1107 1863 uti
1170 1805 1553 1882 Pomptinae,
1616 1806 1829 1865 stando
1892 1809 2213 1882 putescunt
2274 1809 2337 1865 et

313 1910 548 1951 umores
595 1911 804 1969 graves
863 1897 925 1952 et
966 1894 1314 1971 pestilentes
1360 1894 1425 1952 in
1468 1895 1561 1953 his
1606 1895 1752 1954 locis
1800 1894 2098 1954 emittunt.
2188 1894 2335 1953 item

311 1981 377 2039 in
403 1980 626 2057 Apulia
662 1983 949 2058 oppidum
979 1983 1184 2060 Salpia
1219 1987 1413 2059 vetuS,
1451 1985 1611 2060 quod
1651 1980 1659 2063 Ι
1700 1984 2015 2044 Diomedes
2054 1985 2128 2043 ab
2153 1985 2497 2056 Troiamne

312 2069 544 2129 rediens
591 2071 903 2130 constituit
946 2072 1072 2132 sive
1110 2073 1609 2148 quemadmodum
1644 2073 1919 2132 nonnulli
1965 2074 2330 2150 scripserunt

310 2159 520 2234 Elpias
565 2158 857 2237 Rhodius,
913 2161 976 2218 in
1033 2161 1320 2220 eiusmodi
1373 2163 1518 2222 locis
1563 2162 1766 2221 fuerat
1809 2163 2210 2237 conlocatum,
2260 2182 2333 2221 ex
2444 2207 2447 2216 .

313 2266 431 2322 quo
493 2246 722 2306 incolae
786 2250 1106 2325 quotannis
1172 2251 1536 2327 aegrotando
1598 2251 1939 2311 laborantes
2004 2250 2328 2326 aliquando

309 2339 710 2412 pervenerunt
763 2339 838 2396 ad
887 2338 967 2396 M.
1012 2338 1341 2398 Hostilium
1396 2339 1471 2397 ab
1527 2357 1715 2415 eoque
1768 2339 2007 2415 publice
2060 2341 2329 2416 petentes

309 2423 778 2499 impetraverunt
805 2428 877 2484 ut
911 2427 964 2486 is
999 2427 1280 2486 idoneum
1306 2428 1506 2487 locum
1532 2428 1610 2487 ad
1635 2428 1871 2488 moenia
1896 2420 2325 2510 translferenda
2336 2440 2387 2480 25
2399 2440 2497 2493 (15)

312 2513 688 2588 conquireret
749 2515 1130 2592 eligeretque.
1230 2519 1375 2574 tunc
1436 2517 1487 2574 is
1554 2520 1819 2576 moratus
1874 2536 1994 2575 non
2050 2519 2166 2590 est,
2229 2510 2346 2576 sed*

312 2602 516 2660 statim
550 2603 883 2662 rationibus
922 2604 1259 2664 doctissime
1294 2606 1583 2681 quaesitis
1620 2605 1947 2665 secundum
1979 2624 2144 2664 mare
2180 2626 2329 2665 mer·
2435 2651 2445 2675 ‚-

311 2694 481 2749 catus
528 2694 620 2750 est
662 2693 1094 2768 possessionem
1136 2694 1267 2754 loco
1313 2693 1542 2753 salubri
1588 2694 1663 2754 ab
1709 2697 2043 2769 senatuque
2079 2695 2332 2772 populo—

452 2920 482 2968 ‘1
521 2914 584 2968 fit
624 2915 700 2970 G:
748 2932 850 2971 om.
879 2915 946 2968 H
951 2915 1005 2975 S.
1052 2918 1070 2985 ΙΙ
1115 2920 1147 2970 8
1184 2931 1339 2970 mare
1369 2959 1381 2971 .
1416 2959 1427 2971 .
1459 2959 1471 2971 .
1502 2917 1669 2971 aucto
1698 2915 1769 2969 H
1801 2918 2054 2984 (auctum
2093 2918 2325 2998 Ussiny),

308 2984 453 3038 mari
482 3027 494 3039 .
525 3025 538 3039 .
571 3027 582 3040 .
613 2988 778 3040 aucto
809 2986 925 3043 GS.
959 2987 968 3058 Ι
999 2985 1224 3057 paludis
1254 2987 1320 3040 H
1326 2987 1372 3042 S
1401 2986 1546 3058 (-des
1578 2987 1666 3056 G).
1705 2988 1725 3056 ΙΙ
1761 2992 1793 3040 9
1832 2987 2117 3042 concitata
2159 3005 2328 3042 man-

309 3070 418 3122 que
463 3056 765 3124 (marisque
807 3057 930 3127 GS)
965 3075 1020 3112 ω.
1065 3059 1086 3128 ΙΙ
1133 3063 1201 3112 14
1239 3057 1582 3128 aquilegiam
1617 3074 1672 3112 x.
1725 3059 1747 3126 ss
1803 3063 1866 3110 17
1904 3073 2007 3127 per
2041 3058 2139 3130 (fl.)
2178 3059 2327 3115 G&

309 3142 409 3180 om.
447 3126 516 3180 H
546 3132 599 3180 et
633 3135 759 3182 ante
800 3131 904 3197 ips.
941 3143 1078 3183 corr.
1107 3128 1161 3184 S.
1207 3131 1226 3198 Η
1274 3133 1340 3183 18
1376 3128 1700 3200 pomptinae
1728 3129 1816 3183 H:
1861 3129 2115 3204 pomtine
2156 3129 2270 3185 ΘΒ.
2314 3129 2323 3200 Ι

307 3198 635 3266 putescuntz
671 3200 749 3253 sic
774 3216 816 3254 x
853 3200 1197 3268 (putrescunt
1225 3199 1290 3254 L.
1344 3201 1413 3269 cf.
1444 3201 1770 3254 Lachmamn
1805 3205 1880 3257 ad
1907 3201 2075 3256 Lacr.
2105 3219 2165 3271 p.
2194 3204 2325 3269 188,

310 3267 440 3320 Keil
477 3269 552 3322 ad
598 3268 755 3323 Varr.
777 3287 835 3339 p.
868 3273 975 3338 90).
1051 3273 1382 3339 putrescunt
1435 3272 1554 3341 (sic)
1609 3272 1749 3325 male
1793 3287 1931 3326 corr.
1981 3272 2133 3326 Ptin.
2178 3271 2324 3341 Any.

310 3340 398 3402 11,
414 3340 529 3390 277
555 3368 622 3378 —
651 3357 764 3394 ‘non
790 3344 878 3409 12,
898 3345 985 3395 96.
1014 3343 1033 3410 ΙΙ
1061 3346 1130 3394 20
1157 3339 1432 3396 diomedis
1453 3341 1528 3395 Η.
1557 3343 1576 3411 ΙΙ
1604 3346 1672 3395 22
1701 3339 1919 3410 elphias
1946 3359 2001 3397 x.
2030 3345 2049 3412 ΙΙ
2078 3347 2144 3396 23
2176 3342 2333 3414 quod

311 3421 472 3476 annis
509 3425 752 3495 (semper)
781 3428 850 3481 H
879 3430 961 3498 (ut
997 3429 1146 3497 quod
1175 3447 1281 3499 pro
1318 3431 1493 3499 quot).
1539 3432 1557 3500 ΙΙ
1603 3436 1671 3484 24
1704 3417 1777 3479 ffi
1801 3431 1881 3499 H,
1924 3429 2001 3484 M.
2032 3430 2088 3499 S,
2132 3435 2327 3484 marci—1

315 3491 384 3547 G.
411 3494 431 3561 ΙΙ
459 3499 525 3545 25
562 3497 628 3549 ut
662 3497 751 3550 his
789 3498 858 3552 H
861 3498 918 3567 S,
961 3499 1048 3553 uti
1081 3499 1171 3553 his
1212 3501 1278 3556 G.
1307 3503 1327 3570 ss
1355 3507 1422 3555 26
1460 3500 1705 3572 elegeret
1717 3517 1863 3571 quae
1900 3503 1977 3557 H.
