2664 3927
255 525 320 574 13

259 1236 324 1283 14

357 183 485 246 208
705 241 712 250 ,
823 221 832 227 -
1203 181 1530 236 VITRUVII

357 335 418 392 et
458 333 545 390 ibi
587 332 853 392 homines
902 332 1210 391 offendunt
1251 332 1542 391 fodientes
1588 332 1651 390 vi
1696 333 1959 390 naturali
1995 334 2235 409 vaporis
2274 334 2378 392 ob-

355 424 562 481 turant
634 441 836 481 eorum
906 421 1150 480 naribus
1223 422 1467 497 spiritus
1534 422 1817 480 animales
1831 466 1846 497 ‚
1917 423 2010 480 uti
2081 423 2183 497 qui
2256 441 2380 481 non

357 509 602 570 celerius
681 511 820 569 inde
902 510 1194 587 effugiunt
1263 509 1350 568 ibi
1420 502 1884 590 interelmantur.
1992 511 2103 568 hoc
2173 513 2382 570 autem
2400 520 2511 572 (8⁰)e

358 599 570 675 quibus
625 599 966 658 rationibus
1019 601 1299 658 caveatur
1352 599 1437 658 sic
1491 601 1604 658 erit
1644 593 1653 676 Ι
1691 599 2048 658 faciendum.
2136 600 2381 659 lucerna
2401 607 2512 662 211

359 706 602 748 accensa
648 683 1044 763 demittatur,
1067 707 1220 762 quae
1265 689 1316 746 si
1359 690 1751 763 permanserit
1790 689 2005 748 ardens
2052 689 2177 747 sine
2223 690 2378 765 peri·
2410 707 2435 748 5

361 779 494 836 culo
541 777 944 836 descendetur.
1017 777 1110 835 sin
1156 779 1358 835 autem
1395 776 1678 852 eripietur
1712 778 1913 836 lumen
1953 797 1987 836 a
2022 779 2085 836 vi
2120 779 2381 854 vaporis,

359 870 505 925 tunc
578 866 900 924 secundum
970 867 1218 941 puteum
1287 866 1497 924 dextra
1564 884 1633 924 ac
1698 866 1940 925 sinistra
2002 866 2384 925 defodiantur

362 956 674 1014 aestuaria.
729 956 819 1012 ita
856 954 1354 1030 quemadmodum
1377 975 1486 1030 per
1510 973 1683 1014 nares
1711 956 1954 1030 spiritus
1984 974 2054 1013 ex
2094 951 2102 1034 Ι
2146 959 2378 1015 aestua·
2402 964 2463 1016 (⁵)

359 1044 464 1102 riis
520 1042 984 1119 dissipabuntur.
1075 1061 1208 1102 cum
1259 1043 1409 1102 haec
1462 1045 1546 1102 sic
1593 1045 1887 1120 explicata
1930 1043 2153 1102 fuerint
2200 1047 2261 1102 et
2305 1045 2384 1102 ad

363 1151 578 1208 aquam
634 1133 748 1190 erit
799 1134 1176 1208 perventum,
1229 1135 1374 1190 tunc
1428 1134 1733 1209 saepiatur
1778 1135 2115 1191 astructura
2160 1153 2233 1191 ne
2280 1133 2385 1192 ob·
2411 1153 2464 1190 10

362 1224 598 1281 tutetur
655 1241 826 1280 vena.
925 1223 1049 1280 sin·
1083 1225 1284 1281 autem
1346 1223 1477 1281 loca
1538 1222 1685 1280 dura
1741 1225 1914 1280 erunt
1967 1224 2073 1280 aut
2134 1223 2385 1280 nimium

277 1330 282 1336 ·
361 1329 546 1371 venae
590 1311 830 1387 penitus
873 1311 1114 1384 fuerint,
1157 1313 1301 1368 tunc
1348 1311 1597 1386 signinis
1644 1310 1917 1386 operibus
1956 1329 2041 1369 ex·
2062 1309 2243 1370 tectis
2276 1313 2387 1369 aut

265 2036 330 2085 15

363 1399 761 1476 superioribus
826 1400 970 1458 locis
1035 1398 1411 1475 excipiendae
1476 1401 1616 1457 sunt
1676 1395 1899 1474 copiae.
2006 1400 2071 1457 in
2134 1399 2384 1476 signinis
2488 1418 2492 1422 ·

364 1492 566 1550 autem
606 1485 615 1566 Ι
656 1487 930 1564 operibus
975 1485 1123 1546 haec
1167 1490 1308 1547 sunt
1353 1488 1641 1546 facienda.
1723 1488 1814 1546 uti
1857 1490 2083 1547 harena
2126 1489 2386 1564 primum
2405 1496 2494 1547 (10)

363 1579 681 1654 purissima
718 1578 1160 1651 asperrimaque
1195 1579 1459 1652 paretur,
1505 1580 1877 1636 caementum
1912 1577 1984 1635 de
2022 1575 2186 1636 silice
2222 1578 2467 1636 fian-‘15

365 1670 546 1744 gatm·
599 1685 672 1724 ne
729 1666 967 1742 gravius
1023 1683 1206 1740 quam
1249 1665 1586 1741 librarium,
1642 1667 1801 1725 calce
1851 1685 2033 1741 quam
2078 1667 2385 1725 vehemen-

363 1755 596 1814 tissima
650 1754 933 1814 mortario
978 1754 1166 1814 mixta
1210 1753 1299 1812 ita
1345 1756 1415 1812 ut
1460 1755 1719 1829 quinque
1764 1757 1963 1830 partes
2008 1755 2262 1814 harenae
2310 1755 2388 1813 ad

367 1844 510 1903 duas
555 1843 967 1920 respondeant.
1233 1860 1441 1901 eorum
1483 1843 1643 1902 fossa
1679 1843 1760 1902 ad
1796 1843 2216 1902 libramentum
2253 1844 2387 1902 alti-

368 1932 592 1991 tudinis
657 1932 816 2009 quod
870 1934 962 1993 est
1014 1933 1284 1991 futurum
1307 1927 1332 2010 Ι
1375 1932 1634 1991 calcetur
1686 1932 1952 1992 vectibus
2006 1933 2220 2011 ligneis
2274 1934 2389 1993 fer·
2411 1943 2499 1994 (15)

367 2023 533 2081 ratis.
633 2021 962 2097 parietibus
1022 2021 1266 2080 calcatis
1325 2023 1389 2090 in
1447 2022 1640 2080 medio
1700 2022 1858 2096 quod
1919 2021 2032 2081 erit
2088 2025 2392 2081 terrenum
2421 2044 2473 2081 20

368 2111 742 2170 exinaniatur
800 2110 876 2168 ad
927 2110 1351 2169 libramentum
1402 2110 1671 2168 infimum
1723 2112 2038 2187 parietum.
2129 2111 2240 2169 hoc
2295 2132 2389 2171 ex-

369 2202 622 2275 aequato
681 2199 872 2257 solum
929 2194 1190 2257 calcetur
1244 2199 1319 2257 ad
1365 2199 1817 2258 crassitudinem
1862 2218 2014 2275 quae
2062 2202 2391 2259 constituta

512 2410 539 2457 1
579 2403 664 2458 vi:
702 2404 766 2457 ut
801 2421 856 2458 x.
908 2406 915 2473 1
967 2403 1125 2472 obt(d
1155 2404 1498 2473 EG)urante
1536 2419 1727 2457 eorum
1760 2421 1815 2459 x.
1868 2406 1888 2473 ΙΙ
1938 2410 1969 2457 2
2007 2402 2123 2459 uti:
2162 2403 2245 2457 ita
2278 2420 2336 2458 ω.

369 2482 402 2529 3
431 2475 841 2529 interemuntur
868 2475 938 2529 H
945 2474 997 2529 G
1023 2474 1320 2545 (-imuntur
1346 2476 1408 2529 Ε
1414 2475 1494 2544 S).
1530 2478 1537 2543 Ι
1570 2475 1676 2529 hoc
1704 2474 1906 2543 quibus
1936 2477 2126 2529 autem
2152 2493 2195 2529 r.
2218 2475 2279 2530 Ε
2286 2475 2355 2530 G.

371 2552 400 2599 ‘1
432 2544 914 2617 defodianturquel
947 2545 1049 2615 (H,
1083 2545 1176 2617 -q,{
1218 2548 1383 2601 etiam
1411 2546 1477 2616 S)
1506 2547 1627 2618 ηοω
1657 2545 1943 2615 S)stuaria
1970 2546 2105 2601 HS:
2145 2544 2253 2599 def.
2285 2562 2395 2613 que

369 2624 400 2673 ἓ
424 2618 432 2691 Ι
454 2617 616 2673 varia
650 2617 720 2686 G,
756 2617 866 2671 def.
905 2633 1029 2685 quae
1053 2616 1062 2689 Ι
1086 2618 1173 2671 est
1209 2616 1371 2687 uaria
1399 2618 1459 2670 Ε
1483 2618 1575 2685 (-·--
1602 2617 1694 2687 L).
1724 2619 1744 2687 ΙΙ
1772 2623 1839 2671 10
1870 2615 2221 2687 saepiaturas
2250 2618 2395 2671 stru-

369 2690 529 2743 ctura
584 2704 687 2743 nec
724 2688 1057 2759 opturentur
1080 2703 1252 2743 venas
1285 2689 1359 2754 H,
1400 2687 1649 2758 sepiatur
1678 2689 1958 2742 structura
1994 2704 2097 2742 nec
2133 2687 2396 2742 obturen-

368 2762 463 2814 tur
497 2762 551 2829 (o
595 2759 864 2814 durentur
899 2759 1039 2828 EG)
1085 2774 1257 2814 venas
1296 2758 1471 2815 ΒΕΘ
1506 2761 1595 2829 (cf.
1632 2758 1876 2829 parietes
1928 2760 2216 2812 struantur
2255 2758 2395 2813 Fav.

363 2849 421 2901 p.
469 2836 596 2898 291,
631 2834 706 2886 25
745 2858 811 2877 =
848 2832 1033 2885 latera
1095 2832 1393 2900 puteorum
1454 2830 1735 2884 structura
1800 2829 2073 2899 suscipiat
2139 2830 2323 2899 Pali).
2392 2829 2401 2900 Ι

373 2908 439 2957 12
479 2901 716 2971 signinis
745 2902 939 2959 EGS:
979 2901 1155 2971 signis
1185 2902 1261 2957 H.
1329 2904 1339 2969 Ι
1403 2917 1471 2957 ex
1506 2900 1671 2957 testis
1706 2919 1761 2956 x.
1828 2904 1835 2969 Ι
1900 2904 2001 2955 aut
2027 2901 2113 2955 H:
2153 2917 2188 2953 a
2226 2900 2357 2955 Εὸῑ

372 2974 463 3043 (cf.
503 2972 680 3028 Varro
717 2990 762 3027 r.
795 2990 841 3029 r.
863 2990 922 3041 p.
955 2977 1078 3041 144,
1097 2976 1168 3027 14
1189 2973 1255 3027 K
1293 2972 1569 3027 cisternae
1616 2972 1719 3026 sub
1765 2970 1933 3025 tectis
1980 2972 2039 3026 et
2087 2970 2245 3035 lacus
2292 2970 2399 3043 sub

373 3044 507 3113 diu).
572 3045 591 3112 ΙΙ
657 3048 721 3096 13
779 3042 1086 3116 Insignilis
1127 3044 1205 3112 G,
1259 3042 1505 3113 Insignis
1544 3044 1604 3097 Ε
1654 3042 1847 3113 (minis
1889 3042 2053 3098 θοΕσ
2080 3069 2147 3089 =
2178 3042 2241 3095 H
2249 3042 2331 3114 S).
2370 3040 2402 3166 μ

374 3120 440 3167 16
486 3113 615 3168 calx
649 3131 703 3168 x.
759 3116 779 3183 ΙΙ
835 3120 899 3169 17
939 3114 1154 3169 adduas
1194 3115 1252 3167 E
1264 3114 1340 3169 G:
1396 3115 1610 3168 adduos
1650 3114 1779 3168 HS.
1834 3116 1854 3183 ΙΙ
1910 3118 1976 3167 18
2022 3112 2373 3183 respondean

372 3202 566 3239 eorum
591 3185 769 3240 fossa:
797 3187 878 3239 sic
903 3202 944 3239 x
970 3187 1146 3255 (textu
1171 3187 1416 3253 consum,
1447 3202 1579 3240 nam
1605 3203 1706 3255 seq.
1737 3186 1803 3239 de
1821 3186 2055 3253 φυτεύω(
2088 3191 2218 3253 post
2242 3200 2399 3254 resp.

371 3257 693 3312 eoeciderwrtt
727 3257 919 3325 qualia
945 3257 1159 3312 indicat
1191 3256 1534 3311 Faventinus
1561 3257 1753 3325 (Pau.)
1780 3258 2013 3326 puteum
2038 3271 2173 3325 ergo
2207 3254 2401 3313 fodere

375 3326 606 3381 debebis
661 3326 844 3380 latum
896 3326 1070 3396 pedes
1124 3329 1250 3382 octo
1306 3328 1372 3381 ut
1426 3344 1461 3381 a
1515 3326 1663 3381 binis
1718 3326 1957 3397 pedibus
2014 3327 2295 3381 structura
2339 3326 2402 3379 in

375 3394 611 3450 circuitu
641 3399 838 3471 surgat
865 3396 1069 3466 (surgit
1094 3400 1258 3453 etiam
1277 3399 1427 3452 Ptin.
1446 3402 1535 3466 31,
1549 3402 1623 3453 49
1639 3400 1737 3453 ubi
1766 3399 2049 3469 legendum
2072 3404 2149 3451 est
2178 3396 2400 3466 signino

376 3462 668 3539 barenato)
714 3470 773 3521 et
791 3456 798 3464 ’
816 3469 1084 3535 quattuor
1130 3485 1267 3523 cavo
1311 3468 1637 3538 relinquat.
1672 3513 1683 3523 .
1716 3513 1727 3524 .
1788 3471 1806 3539 ΙΙ
1866 3473 1930 3522 21
1972 3468 2223 3522 infimum
2261 3468 2397 3523 HS:

379 3532 656 3589 mfirmum
695 3539 754 3591 Ε
761 3539 829 3594 G.
2136 3556 2175 3564 ’·
2350 3576 2359 3585 .
