2664 3927
235 341 242 348 ’
320 369 351 418 9

394 204 521 268 136
1236 200 1570 255 VITRUVII

529 345 536 434 1
568 353 722 413 Item
767 355 1012 429 propter
1053 351 1413 411 tenuitatem
1454 352 1603 411 caeli
1638 351 1999 410 meridianae
2036 352 2307 411 nationes
2352 370 2434 410 ex
2454 362 2548 414 (1⁰)

390 445 564 501 acuta
616 443 848 502 fervore
901 443 1100 500 mente
1155 441 1488 517 expeditius
1544 441 1907 515 celeriusque
1970 443 2285 500 moventur
2342 441 2433 500 ad

387 531 769 591 consiliorum
805 531 1212 607 cogitationes
1287 530 1777 606 septentrionales
1825 531 2026 588 autem
2070 532 2277 607 gentes
2323 530 2426 589 in-

383 621 551 679 fusae
606 620 996 680 crassitudine
1052 619 1228 692 caeli,
1281 621 1529 695 propter
1584 618 1945 678 obstantiam
2000 618 2154 677 aeris
2205 637 2424 678 umore

383 710 770 787 refrigeratae
817 711 1121 784 stupentes
1166 707 1391 766 habent
1434 710 1678 766 mentes
1752 707 1864 766 hoc
1911 711 2111 766 autem
2154 708 2241 767 ita
2289 726 2428 767 esse
2460 728 2489 768 5

387 818 421 857 a
467 797 838 875 serpentibus
879 791 887 876 1
928 797 1068 856 licet
1112 797 1405 873 aspicere,
1464 815 1613 873 quae
1668 815 1774 872 per
1828 796 2084 855 calorem
2130 815 2264 855 cum
2320 791 2426 856 ex·
2450 809 2541 858 (15)

384 887 664 946 haustam
699 886 922 945 habent
956 887 1180 946 umoris
1217 886 1746 963 refrigerationem,
1789 888 1932 945 tunc
1972 887 2252 944 acerrime
2290 904 2425 944 mo·

383 977 617 1050 ventur,
660 994 770 1050 per
808 974 1104 1034 brumalia
1151 977 1352 1034 autem
1397 978 1457 1033 et
1501 974 1749 1033 hiberna
1794 977 2064 1050 tempora
2111 974 2184 1033 ab
2220 977 2428 1033 muta-

384 1065 548 1123 tione
604 1065 752 1123 caeli
805 1065 1218 1142 refrigeratae,
1273 1065 1537 1122 inmotae
1593 1065 1736 1124 sunt
1791 1066 2050 1140 stupore.
2150 1064 2237 1122 ita
2294 1083 2427 1124 non

386 1155 477 1212 est
539 1152 901 1229 mirandum,
965 1155 1017 1212 si
1083 1154 1375 1212 acutiores
1431 1153 1613 1212 efficit
1668 1152 1897 1211 calidus
1954 1171 2055 1210 aer
2106 1151 2426 1212 hominum
2458 1174 2513 1212 ιο

288 1256 355 1304 10
391 1245 643 1318 mentes,
705 1242 1092 1320 refrigeratus
1157 1244 1357 1301 autem
1422 1245 1629 1300 contra
1681 1232 2005 1322 tardiolres.
2106 1260 2240 1300 cum
2294 1241 2428 1301 sint
2447 1253 2537 1304 (2⁰)

279 2234 341 2283 11

384 1334 583 1390 autem
636 1331 998 1391 meridianae
1057 1333 1331 1391 nationes
1389 1330 1602 1390 animis
1648 1330 2006 1390 acutissimis
2060 1330 2425 1407 infinitaque

381 1421 652 1480 sollertia
714 1420 1120 1496 consiliorum,
1179 1421 1358 1479 simul
1412 1420 1487 1479 ad
1541 1419 1954 1479 fortitudinem
1998 1419 2429 1496 ingrediuntur

380 1508 467 1568 ibi
510 1509 925 1584 succumbunt,
983 1509 1141 1585 quod
1194 1508 1417 1567 habent
1462 1511 1735 1568 exsuctas
1783 1508 1857 1566 ab
1908 1509 2033 1567 sole
2080 1510 2425 1568 animorum

380 1598 649 1658 virtutes
749 1598 853 1673 qui
906 1617 1047 1658 vero
1101 1597 1469 1675 refrigeratis
1527 1599 1853 1656 nascuntur
1906 1597 2275 1674 regionibus,
2338 1599 2425 1656 ad
2456 1619 2508 1658 15

358 1683 685 1747 armorum
738 1687 1175 1746 vehementiam
1226 1686 1560 1761 paratiores
1616 1689 1757 1746 sunt
1809 1686 2044 1763 magnis
2090 1686 2423 1748 virtutibus

383 1768 392 1857 1
434 1776 560 1835 sine
612 1777 854 1850 timore,
911 1775 1012 1835 sed
1066 1774 1352 1834 tarditate
1408 1775 1594 1833 animi
1651 1776 1778 1835 sine
1834 1775 2271 1835 considerantia
2325 1776 2423 1834 in-
2446 1789 2531 1837 (25)

379 1867 617 1924 ruentes
666 1866 791 1923 sine
839 1865 1105 1924 sollertia
1151 1864 1274 1924 suis
1321 1864 1581 1924 consiliis
1628 1865 2023 1942 refragantur.
2098 1883 2236 1924 cum
2272 1884 2421 1943 ergo

384 1953 530 2013 haec
592 1955 681 2013 ita
746 1953 866 2013 sint
931 1953 1003 2013 ab
1066 1957 1282 2013 natura
1336 1974 1537 2013 rerum
1596 1953 1661 2012 in
1714 1953 1935 2013 mundo
1991 1954 2299 2014 conlocata
2355 1957 2423 2014 et

381 2062 583 2103 omnes
628 2043 901 2103 nationes
954 2044 1342 2103 inmoderatis
1399 2043 1784 2103 mixtionibus
1830 2044 2195 2120 disparatae,
2240 2063 2419 2103 veros
2451 2067 2503 2104 20

380 2133 538 2190 inter
599 2131 863 2207 spatium
923 2124 1128 2214 toltius
1194 2132 1352 2191 orbis
1419 2135 1713 2191 terrarum
1768 2133 2158 2211 regionesque
2212 2133 2417 2193 medio
2442 2143 2553 2198 138

381 2220 589 2279 mundi
633 2220 889 2297 populus
935 2220 1236 2280 Romanus
1283 2221 1551 2297 possidet
1584 2220 1747 2280 fineS.
1822 2240 2082 2297 namque
2118 2224 2415 2299 tempera·

381 2310 648 2369 tissimae
704 2309 778 2368 ad
833 2312 1148 2386 utramque
1203 2313 1438 2386 partem
1494 2313 1555 2370 et
1599 2328 1913 2386 corporum
1957 2311 2235 2371 membris
2283 2312 2414 2370 ani-

382 2417 730 2475 morumque
766 2399 1068 2476 vigoribus
1115 2418 1222 2475 pro
1268 2400 1620 2457 fortitudine
1666 2402 1807 2459 sunt
1850 2400 1915 2458 in
1958 2400 2141 2459 Italia
2186 2404 2419 2478 gentes,

385 2487 880 2564 quemadmodum
927 2488 1085 2547 enim
1129 2487 1289 2548 Iovis
1331 2480 1340 2568 Ι
1382 2489 1559 2547 stella
1600 2488 1758 2548 inter
1792 2488 2005 2548 Martis
2049 2489 2417 2549 ferventissi-
2430 2502 2547 2552 2503)

381 2595 544 2636 mam
591 2579 651 2636 et
697 2575 940 2663 Saturni
983 2576 1436 2654 frigidissimam
1488 2576 1686 2636 media
1732 2596 1973 2637 currens
2029 2580 2417 2654 temperatur,

383 2666 591 2726 eadem
633 2667 866 2726 ratione
911 2666 1092 2726 Italia
1137 2666 1295 2726 inter
1329 2666 1857 2742 septentrionalem
1901 2667 2415 2743 meridianamque

382 2755 458 2814 ab
504 2758 759 2832 utraque
804 2759 976 2832 parte
1021 2755 1406 2815 mixtionibus
1443 2758 1808 2831 temperatas
1846 2759 1907 2815 et
1940 2756 2197 2817 invictas
2231 2755 2417 2815 habet

530 2967 558 3013 1
597 2960 742 3015 Item
770 2992 840 3000 —
868 2962 942 3031 (3)
971 2959 1348 3031 cogitationes
1386 2977 1487 3016 om.
1517 2960 1563 3017 S
1593 2962 1791 3031 (suppl.
1831 2961 1912 3014 hh
1949 2964 2014 3017 in
2048 2964 2163 3016 ima
2190 2979 2321 3032 pay.
2353 2962 2417 3017 δῦ

382 3033 479 3101 qui
533 3033 608 3087 ad
651 3050 701 3087 v.
750 3029 1056 3099 qualitates
1103 3034 1280 3087 adscr.
1330 3031 1472 3102 dee).
1536 3033 1555 3103 11
1618 3038 1649 3085 2
1698 3034 1868 3087 acuta
1904 3032 2040 3088 HS:
2097 3035 2181 3087 -to
2219 3033 2357 3089 EG.
2394 3033 2417 3105 11

383 3144 414 3192 6
453 3154 623 3207 quae:
663 3136 761 3219 qui
794 3113 872 3207 (ᾗ)
902 3137 947 3192 S
973 3139 1140 3207 (unde
1170 3139 1246 3221 (ἦο
1272 3107 1420 3221 ᾳιιιφ).
1450 3141 1469 3209 11
1496 3145 1528 3192 9
1567 3137 1903 3209 refrigerata
1938 3138 2077 3208 in(m
2107 3138 2414 3209 sacmota

380 3228 436 3264 x.
492 3212 511 3280 11
567 3214 633 3262 13
673 3208 842 3262 nmul
880 3207 954 3261 ad
992 3209 1126 3264 Hs:
1175 3210 1345 3263 simul
1390 3212 1455 3264 ut
1502 3210 1576 3265 ad
1613 3210 1748 3266 EG.
1804 3213 1823 3282 11
1880 3215 1947 3263 14
1984 3209 2199 3265 habent
2241 3228 2341 3265 om.
2373 3211 2423 3266 S

383 3281 468 3351 (in
501 3298 571 3335 m.
608 3280 786 3349 suppl.
818 3280 917 3344 Sc).
970 3282 977 3348 1
1029 3282 1258 3334 exuctas
1295 3281 1366 3335 H
1397 3284 1641 3351 (exustas
1672 3280 1756 3350 S),
1796 3283 2054 3335 exsuctas
2094 3283 2175 3337 E:
2213 3285 2411 3336 exutas

388 3350 440 3405 G
475 3352 564 3419 (cf.
601 3350 776 3405 nimio
814 3348 1000 3404 calore
1037 3349 1276 3405 siccatas
1315 3353 1491 3423 Veyet.
1521 3370 1601 3421 ep.
1632 3372 1677 3407 r.
1706 3354 1817 3407 mil.
1848 3365 1886 3412 1,
1907 3356 1979 3419 2).
2022 3354 2041 3423 11
2083 3358 2149 3406 16
2189 3352 2412 3407 virtuti-

384 3420 490 3473 bus
527 3423 694 3491 sunt(.
725 3421 792 3489 S)
831 3420 950 3475 sinc
986 3438 1042 3475 ω.
1081 3424 1099 3487 ΙΙ
1138 3426 1204 3475 18
1241 3423 1599 3492 refragantur
1626 3423 1823 3480 HSG:
1860 3423 2255 3493 refranguntur
2282 3424 2353 3478 E.
2399 3424 2407 3495 1

374 3504 518 3557 --ergo
555 3490 694 3571 haec
732 3492 857 3565 (hec
886 3492 954 3560 S)
993 3490 1128 3546 HS:
1167 3492 1308 3547 haec
1347 3494 1473 3567 (hec
1506 3495 1577 3563 G)
1615 3510 1746 3564 ergo
1782 3495 1915 3550 EG.
1960 3498 1981 3565 11
2026 3500 2094 3548 20
2130 3510 2261 3549 vero
2297 3511 2353 3549 x.
2392 3495 2414 3567 11

381 3564 453 3612 21
492 3561 848 3631 regionisque
884 3580 940 3617 ω.
987 3565 1006 3633 11
1053 3568 1120 3617 28
1158 3566 1396 3632 utraque
1424 3564 1621 3621 EGS:
1659 3568 1896 3635 utroque
1926 3565 2002 3621 H.
