2664 3927
352 146 483 211 218
1199 147 1532 202 VITRUVII

354 298 557 373 stella,
614 298 771 374 quod
826 318 897 357 ea
952 318 1086 357 cum
1140 299 1324 358 solem
1379 301 1689 374 sequatur,
1743 301 1882 373 post
1928 314 2202 357 occasum
2249 300 2390 359 eius

332 406 644 462 ‘apparens
680 388 745 445 in
782 388 945 446 caelo
982 387 1426 462 clarissimeque
1462 388 1665 445 lucens
1701 406 2030 464 vesperugo
2058 387 2391 463 vocitatur,

354 477 488 535 aliis
546 480 744 535 autem
796 472 1162 553 temporibus
1219 495 1354 534 eum
1409 478 1788 535 antecurrens
1843 479 1903 534 et
1943 471 1953 555 Ι
1994 475 2188 535 0116113
2236 480 2387 537 ante
2413 488 2514 539 (25)

352 565 544 623 lucem
597 565 809 624 lucifer
862 566 1217 641 appellatur.
1310 584 1382 623 ex
1435 584 1622 640 eoque
1677 582 2125 640 nonnumquam
2169 566 2385 641 plures

276 722 281 731 ⁸
353 653 478 713 dies
516 650 579 712 in
614 672 737 713 uno
774 656 943 731 signo
982 656 1442 729 commorantur,
1489 654 1640 713 alias
1677 654 1922 713 celerius
1958 654 2387 732 ingrediuntur
2419 676 2448 715 5

351 743 416 801 in
484 743 738 802 alterum
800 744 1055 820 signum.
1153 743 1356 818 itaque
1423 743 1582 818 quod
1645 761 1767 801 non
1829 762 2016 818 aeque
2079 748 2388 821 peragunt

262 876 266 881 .
350 850 663 890 numerum
699 832 928 890 dierum
963 832 1027 891 in
1064 832 1317 909 singulis
1353 832 1559 909 signis,
1606 833 1897 907 quantum
1933 834 2072 891 sunt
2105 836 2381 892 moratae

356 913 362 1000 Ι
392 920 557 994 prius
604 920 992 979 transiliendo
1031 920 1408 980 celerioribus
1445 920 1758 979 itineribus
1793 920 2113 995 perficiunt
2147 923 2381 980 iustum
2405 930 2530 985 221

350 1026 605 1067 cursum.
694 1010 783 1069 ita
844 1010 1099 1069 efficitur
1155 1010 1247 1069 uti
1307 1010 1467 1085 quod
1525 1009 1904 1068 demorentur
1955 1010 2018 1066 in
2071 1010 2380 1070 nonnullis

352 1097 555 1174 signiS,
600 1097 786 1159 nihilo
832 1100 1027 1159 minus
1074 1118 1211 1157 cum
1256 1099 1516 1175 eripiant
1551 1118 1613 1157 se
1651 1098 1725 1157 ab
1762 1100 2117 1157 necessitate
2151 1118 2380 1173 morae,
2413 1122 2474 1160 10

278 1200 311 1248 8
350 1186 621 1247 celeriter
675 1192 1112 1264 consequantur
1164 1189 1388 1247 iustam
1434 1188 1916 1246 circumitionem.
2008 1188 2124 1246 iter
2169 1192 2382 1247 autem

347 1274 413 1333 in
452 1271 461 1353 Ι
501 1276 720 1335 1111111ᾶο
765 1278 1045 1336 Mercurii
1099 1278 1273 1337 stella
1316 1277 1406 1335 ita
1450 1276 1775 1352 pervolitat
1819 1276 1914 1334 uti
1958 1277 2378 1337 trecentesimo
2401 1290 2470 1339 (5)
2616 1340 2617 1351 ,

350 1367 411 1423 et
456 1366 860 1443 sexagensimo
907 1367 1001 1425 die
1047 1386 1154 1442 per
1198 1366 1506 1443 signorum
1551 1367 1748 1441 spatia
1785 1382 2026 1424 currens
2063 1367 2381 1441 perveniat
2616 1366 2617 1451 1

348 1454 425 1512 ad
478 1454 542 1511 id
596 1456 831 1532 signum
888 1476 958 1513 ex
1013 1474 1129 1531 quo
1183 1457 1380 1530 priore
1437 1454 1881 1513 circumlatione
1936 1456 2132 1530 coepit
2174 1456 2378 1515 facere

348 1562 612 1619 cursum,
668 1547 729 1603 et
780 1544 871 1602 ita
925 1547 1327 1619 peraequatur
1381 1542 1510 1603 61113
1563 1543 1680 1601 iter
1723 1545 1793 1600 ut
1837 1543 2070 1602 circiter
2113 1544 2378 1603 tricenos
2411 1564 2466 1605 15
2616 1578 2617 1621 1

276 1647 308 1695 9
348 1632 471 1691 dies
526 1633 591 1691 in
644 1632 897 1709 singulis
952 1633 1137 1709 signis
1191 1631 1414 1691 habeat
1461 1632 1693 1691 numeri
1736 1634 2047 1691 rationem.
2118 1632 2376 1693 Veneris
2616 1622 2617 1641 ³

347 1723 548 1779 autem
612 1740 747 1779 cum
809 1724 901 1780 est
960 1714 1233 1805 libelrata
1298 1720 1373 1779 ab
1426 1720 1795 1797 inpeditione
1847 1721 2148 1779 radiorum
2207 1722 2376 1797 solis,
2395 1734 2490 1784 (10)

345 1828 470 1867 xxx
526 1809 730 1869 diebus
787 1811 1085 1885 percurrit
1130 1810 1286 1888 signi
1332 1810 1614 1885 spatium.
1709 1830 1826 1886 quo
1871 1811 2067 1869 minus
2115 1811 2380 1886 quadra-

347 1916 529 1974 genos
566 1900 691 1958 dies
727 1900 794 1957 in
830 1900 1079 1980 singulis
1118 1900 1303 1978 signis
1339 1900 1588 1976 patitur,
1635 1918 1769 1957 cum
1805 1900 2126 1957 stationem
2162 1900 2383 1959 fecerit

346 1989 613 2046 restituit
659 2008 791 2048 eam
836 2008 1127 2049 summam
1172 1989 1408 2049 numeri
1443 1989 1506 2046 in
1541 2007 1660 2047 uno
1699 1989 1868 2065 signo
1904 1992 2154 2048 morata.
2231 2009 2380 2068 ergo
2410 2012 2467 2051 20

344 2079 536 2134 totam
594 2077 1039 2138 circinationem
1097 2079 1161 2137 in
1222 2079 1386 2138 caelo
1448 2077 2028 2154 quadringentesimo
2089 2080 2150 2136 et
2210 2080 2379 2137 octo-

346 2164 610 2241 gensimo
668 2171 729 2226 et
784 2168 993 2241 quinto
1050 2167 1145 2226 die
1195 2185 1508 2244 permensa
1551 2167 1768 2226 iterum
1809 2168 1818 2241 Ι
1856 2166 1973 2224 init
2017 2167 2250 2244 signum
2301 2187 2379 2226 ex
2396 2179 2490 2231 (15)

242 2268 307 2317 10
347 2273 463 2329 quo
520 2255 690 2332 signo
745 2257 913 2331 prius
968 2257 1087 2315 iter
1137 2258 1334 2316 facere
1391 2255 1600 2331 coepit.
1674 2255 1886 2314 Martis
1940 2274 2080 2314 vero
2136 2255 2380 2315 circiter

344 2345 764 2404 sexcentesimo
803 2344 1204 2422 octogensimo
1241 2347 1421 2405 tertio
1459 2345 1716 2404 siderum
1753 2345 1952 2420 spatia
1987 2345 2376 2422 pervagando

342 2432 615 2508 pervenit
659 2452 728 2492 60
775 2453 845 2492 ex
890 2454 1010 2510 quo
1058 2435 1297 2493 initium
1342 2433 1612 2493 faciendo
1659 2452 1897 2492 cursum
1941 2433 2166 2492 fecerat
2211 2438 2374 2510 ante,
2404 2458 2460 2497 25

344 2524 405 2579 et
448 2522 511 2578 in
558 2522 774 2598 quibus
820 2524 1005 2601 signis
1051 2525 1299 2583 celerius
1336 2523 1649 2599 percurrit,
1695 2541 1829 2580 cum
1865 2523 2189 2581 stationem
2223 2524 2374 2582 fecit

342 2611 541 2686 explet
585 2609 817 2670 dierum
860 2614 1087 2672 numeri
1135 2603 1447 2672 rationem.
1528 2611 1688 2670 Iovis
1735 2613 1935 2669 autem
1976 2603 1984 2692 Ι
2025 2611 2370 2687 placidiori·
2394 2624 2486 2676 (20)

340 2699 450 2758 bus
496 2701 778 2778 gradibus
826 2703 1113 2762 scandens
1159 2705 1366 2760 contra
1411 2700 1616 2759 mundi
1660 2701 2086 2776 versationem,
2133 2701 2375 2760 circiter

483 2930 514 2978 2
552 2941 861 3007 vesperugo
900 2928 1003 2981 litt.
1032 2943 1157 2980 unc.
1186 2941 1289 2980 scr.
1319 2924 1373 2979 S.
1403 2925 1422 2992 ΙΙ
1451 2928 1482 2976 5
1520 2939 1630 2977 11110
1663 2939 1768 3004 om.
1796 2924 1900 2992 115.ss
1927 2928 1959 2976 8
1996 2921 2208 2977 iustum
2247 2941 2372 2977 cur-

340 3011 479 3048 sum.
552 2995 641 3049 Ita
679 2997 920 3051 efficitur
956 2997 1101 3052 EG:
1148 3013 1250 3050 om.
1288 2995 1359 3050 H
1361 2995 1415 3051 S.
1471 2996 1490 3064 ΙΙ
1546 3000 1609 3048 11
1651 2995 2036 3051 circuitionem
2071 3011 2126 3048 x.
2187 2997 2196 3064 1
2255 2995 2374 3050 Iter

338 3083 413 3152 (It
431 3085 499 3153 S)
528 3084 598 3139 H
601 3085 645 3140 S
654 3087 728 3140 G:
756 3085 899 3139 Item
917 3086 989 3141 E.
1017 3087 1035 3154 ΙΙ
1066 3091 1131 3139 12
1160 3083 1402 3138 1116161111
1420 3082 1496 3137 H.
1531 3082 1540 3154 Ι
1570 3081 1982 3136 trecentissimo
2005 3083 2058 3138 G
2076 3085 2210 3152 (non
2229 3085 2332 3153 E).
2353 3084 2374 3157 ss

341 3159 407 3208 13
447 3154 835 3224 sexagensimo
863 3156 950 3211 H:
990 3155 1227 3226 —gesimo
1256 3157 1318 3210 E
1323 3154 1378 3224 S,
1417 3153 1684 3224 ·gessimo
1717 3155 1784 3209 G.
1829 3156 1848 3224 ΙΙ
1896 3159 1964 3207 14
1999 3153 2375 3211 circulatione

338 3242 393 3280 w.
431 3228 449 3294 ΙΙ
488 3233 553 3280 15
590 3229 843 3282 trecenos
872 3228 927 3283 S.
963 3230 983 3296 ΙΙ
1021 3231 1087 3280 18
1125 3243 1235 3294 quo
1265 3228 1336 3282 Η
1339 3227 1464 3281 SG:
1503 3231 1598 3293 qffl
1626 3225 1699 3280 Ε.
1735 3227 1754 3294 ΙΙ
1792 3231 1860 3278 20
1897 3225 2044 3296 Ergo
2081 3226 2264 3280 totam
2292 3229 2372 3295 (5.)

340 3296 399 3348 Ε
410 3297 536 3352 GS:
584 3301 837 3368 ergotam
873 3298 949 3352 H.
1006 3299 1025 3368 ss
1081 3303 1146 3350 21
1196 3296 1545 3352 circitionem
1583 3297 1696 3365 (-ne
1730 3297 1801 3366 G)
1839 3296 1906 3350 H
1915 3297 1983 3364 G,
2029 3295 2272 3351 circione
2311 3297 2374 3365 S,

340 3364 727 3424 circuitionem
752 3371 819 3425 E.
846 3372 867 3440 ΙΙ
895 3375 960 3424 22
983 3371 1102 3497 ίἓ24)
1122 3367 1503 3438 octogensimo
1524 3367 1676 3449 HG·
1703 3367 1946 3449 -gesimo
1966 3366 2078 3422 Es
2091 3370 2184 3436 (24
2201 3368 2374 3423 etiam

345 3436 452 3505 Gc).
488 3440 495 3506 Ι
526 3457 820 3507 permensa
849 3439 971 3496 EG
1030 3463 1043 3496 ε
1080 3455 1381 3510 permansa
1408 3440 1488 3492 H.
1521 3438 1530 3512 Ι
1563 3438 1684 3493 imd
1712 3439 1811 3509 (H,
1849 3457 1909 3492 m
1944 3437 2005 3492 id
2034 3437 2236 3508 EGS)
2263 3456 2322 3494 ω.
2353 3439 2376 3513 Η

342 3509 412 3557 24
449 3511 841 3566 sescentesimo
872 3512 1056 3582 H<G⁶,
1094 3527 1237 3565 sexo.
1269 3510 1478 3580 EGS).
