2664 3927
719 183 934 237 LIBER
968 182 1180 238 ARTIS
1221 181 1901 238 ARCHITECTONICAE
2189 183 2315 247 307

450 331 574 394 291,
600 331 631 379 6
647 343 766 394 sqq.
795 341 1046 380 numeros
1073 343 1141 380 ex
1178 325 1424 380 Vitruvii
1450 331 1605 380 tecctu
1630 331 1681 380 et
1707 328 1943 380 correxit
1976 330 2029 380 ct
2062 328 2335 395 suppelvit

310 398 492 452 Arion.
534 397 601 465 S,
645 399 761 451 ‘nisi
807 398 950 466 quod
994 398 1215 466 reliquit
1258 415 1304 451 v.
1346 400 1419 451 19
1466 398 1593 465 (pro
1642 399 1828 466 cccnx)
1876 414 2072 451 ccch..
2128 397 2332 467 ponde,

305 471 452 524 sicut
499 485 567 523 eoe
609 469 921 524 Faventino
967 469 1132 522 etiam
1167 468 1477 521 Palladius.
1536 469 1555 537 ΙΙ
1609 472 1676 520 13
1722 467 2121 536 comprehensa
2168 471 2333 523 etiam

305 541 451 594 Pan.
493 539 788 609 (impressa
822 539 1278 606 Isid.19,10,21
1317 544 1369 592 ct
1404 542 1568 607 16‚3,
1588 541 1691 608 11).
1748 541 1767 608 ΙΙ
1823 544 1889 592 14
1936 555 2050 593 non
2092 538 2331 594 habebit

301 609 668 680 asperitatem
705 611 958 679 (additur
1001 627 1068 664 cx
1104 609 1243 664 Vitr.
1273 625 1335 678 p.
1366 613 1455 676 40,
1477 613 1557 678 6):
1607 617 1787 664 temtus
1831 612 2029 664 traditi
2074 611 2333 666 lammam

300 684 440 738 satis
476 683 686 748 inficeto
722 683 803 735 sic
837 682 1072 748 explevit
1108 681 1291 735 Anon.
1320 680 1366 735 S
1396 683 1554 734 muta
1591 680 1714 736 erit.
1772 681 1966 738 deinde
2003 697 2072 736 ea
2107 698 2331 749 quoque

295 767 475 820 quam
521 755 779 821 (eamque
825 752 1000 821 codd.)
1046 750 1106 804 in
1143 768 1196 804 v.
1235 767 1280 804 c.
1327 750 1546 806 miseris
1592 759 1707 820 etc„
1740 754 1841 808 ubi
1875 770 1977 808 rec.
2016 755 2214 822 interp.
2251 755 2332 808 sic

307 822 522 888 Quodsi
558 825 776 876 terrosa
811 821 998 876 fuerit.
1055 838 1290 889 eamque
1326 821 1387 876 in
1423 825 1561 878 vest.
1601 823 1761 877 cand.
1801 822 2035 878 miseris.
2076 822 2125 878 si
2154 823 2331 878 effusa

300 892 481 950 nichil
519 910 558 948 s.
597 911 641 947 r.
670 895 690 962 ΙΙ
717 898 784 948 28
824 891 1098 948 evanidae
1137 891 1401 961 (vanidae
1436 895 1636 962 codd.):
1682 893 1950 948 humidae
1977 896 2117 950 male
2143 895 2329 950 Arion.

299 965 343 1022 S
377 966 465 1033 (cf.
488 981 550 1034 p.
581 967 673 1032 40,
688 967 760 1019 21
799 971 850 1019 ct
885 968 977 1032 46,
994 966 1106 1032 29).
1135 966 1154 1034 n
1182 969 1246 1018 31
1285 963 1622 1018 liaculorum
1660 967 1825 1034 (Vitr.
1856 983 1918 1034 p.
1948 971 2037 1034 41,
2056 969 2140 1036 9),·
2176 966 2329 1020 iacu-

302 1036 487 1090 lorum
543 1037 696 1090 codd.
754 1037 854 1104 (sic
908 1037 1070 1089 etiam
1114 1037 1297 1089 Arion.
1338 1034 1421 1103 S).
1500 1053 1567 1090 cx
1620 1037 1719 1092 hoc
1765 1036 2072 1092 Faventini
2126 1039 2239 1092 loco
2293 1054 2331 1092 a

305 1108 538 1164 librario
574 1113 796 1175 sumpta
829 1108 942 1174 fuit
978 1107 1137 1161 lectio
1171 1123 1306 1160 saec.
1346 1107 1446 1160 IX
1474 1108 1588 1174 ipsi
1635 1108 1885 1163 Vitrwvio
1922 1109 2207 1178 adscripta
2242 1108 2332 1163 vel

296 1175 619 1232 iaculorum.
691 1180 712 1247 ΙΙ
775 1181 842 1230 35
907 1175 1132 1248 sfungia
1196 1178 1476 1246 (εφογγιά)
1538 1179 1619 1232 sic
1672 1179 1825 1232 codd.
1883 1180 2069 1246 (etiam
2119 1181 2332 1236 Isidori

298 1254 390 1316 19,
421 1254 507 1317 10,
541 1251 614 1315 3).
669 1251 690 1318 ΙΙ
743 1253 812 1301 37
851 1247 1083 1302 exiliore
1120 1250 1178 1317 (i.
1217 1266 1260 1303 e.
1297 1246 1555 1317 rariore):
1603 1248 1848 1304 molliori
1896 1251 1984 1319 (em
2029 1252 2330 1321 interpret.)

303 1321 450 1374 Pan.
489 1327 540 1374 ct
576 1320 754 1389 (male)
791 1321 976 1374 Anon.
1008 1318 1060 1374 S.

442 1396 562 1459 292,
587 1395 654 1445 16
682 1389 984 1444 inducatur
1011 1392 1101 1459 (sc.
1132 1390 1433 1444 tectorium
1472 1391 1607 1445 Vitr.
1630 1407 1691 1459 p.
1724 1393 1817 1458 38,
1846 1392 1953 1458 17):
1989 1389 2331 1446 inducantur

298 1463 472 1530 codd,
505 1463 604 1516 ubi
642 1461 919 1516 ducantur
955 1464 1045 1531 (sc.
1084 1460 1311 1529 lateres)
1341 1461 1525 1517 Arion.
1566 1461 1618 1516 S.
1658 1463 1756 1531 qui
1782 1479 1849 1515 eoe
1886 1462 2025 1517 Vitr.
2054 1479 2117 1532 p.
2147 1465 2239 1530 38,
2258 1468 2331 1517 15

299 1535 522 1602 scripsit
565 1532 808 1588 maxime
856 1535 1048 1588 autem
1093 1532 1346 1587 utiliores
1395 1534 1514 1602 (sic)
1553 1533 1741 1600 erunt,
1781 1531 1829 1586 si
1868 1535 2000 1588 ante
2035 1531 2330 1586 biennium

301 1605 592 1658 ducantur.
657 1607 678 1673 ΙΙ
741 1609 808 1656 30
859 1606 1235 1658 venustatem:
1290 1606 1371 1660 sic
1426 1607 1589 1660 etiam
1640 1603 1823 1659 A‘no‘n.
1872 1604 1917 1660 S
1966 1606 2330 1673 (vetustatem

297 1677 562 1816 coddgb&
584 1750 616 1797 3
653 1744 920 1799 materies
953 1745 1120 1814 (Vibr.
1143 1746 1337 1813 Palm:
1376 1744 1560 1798 caesio
1588 1745 1740 1801 codd.
1774 1746 1923 1815 (inde
1960 1711 2139 1801 omnis
2178 1745 2325 1801 cesio

303 1819 488 1871 Anon.
509 1816 590 1886 S).
621 1818 642 1884 ΙΙ
672 1820 737 1869 13
758 1815 1096 1884 subgrundia
1116 1815 1491 1886 (subgrundas
1510 1815 1691 1871 Anon.
1709 1815 1805 1886 S):
1827 1816 2153 1886 subgrunda
2171 1819 2324 1872 codd.

303 1889 374 1954 cf.
414 1889 490 1941 ad
525 1887 663 1942 Vitr.
695 1903 755 1955 p.
790 1891 880 1953 60,
901 1890 986 1940 14.
1015 1888 1034 1956 11
1063 1892 1128 1940 17
1168 1887 1423 1940 aesculus
1460 1889 1561 1956 (sic
1593 1889 1707 1941 iam
1745 1887 2040 1942 Schneider
2077 1890 2153 1943 ad
2179 1889 2325 1944 Pan.

290 1976 352 2027 p.
391 1961 502 2013 224
549 1963 601 2013 ct
636 1958 820 2012 Anon.
859 1957 904 2012 S
943 1975 1064 2013 cum
1100 1957 1362 2014 Palladio
1407 1975 1476 2013 cx
1514 1958 1651 2013 Vitr.
1680 1976 1744 2028 p.
1774 1961 1865 2027 56,
1882 1961 2003 2029 25>2
2052 1976 2120 2013 ex
2168 1959 2325 2014 cuius

303 2031 417 2084 cod.
456 2048 489 2084 v
527 2030 645 2097 (ubi
682 2044 750 2082 ex
787 2046 886 2083 om.
915 2030 1042 2099 pq).
1097 2032 1118 2098 ΙΙ
1172 2034 1238 2083 18
1277 2030 1378 2083 sed
1414 2029 1472 2082 in
1514 2046 1706 2084 umore
1741 2029 1930 2099 posita
1967 2029 2204 2085 vitiatur
2238 2034 2327 2101 (cx

309 2101 447 2156 Vitr.
470 2116 530 2169 p.
563 2104 654 2168 56,
670 2102 747 2153 27
773 2101 842 2167 cf.
872 2100 1024 2155 Plin.
1053 2105 1145 2169 16,
1161 2103 1318 2170 219);
1360 2103 1418 2154 et
1454 2100 1515 2154 in
1552 2116 1743 2155 umore
1777 2101 1967 2170 posita
1993 2104 2326 2171 perpetuam

301 2170 533 2226 exhibet
569 2170 878 2225 utilitatem
915 2173 1015 2238 (sic
1051 2188 1116 2225 cx
1151 2190 1200 2227 v.
1233 2176 1299 2224 17
1336 2174 1645 2241 repetendo)
1683 2174 1836 2227 codd.
1866 2190 1988 2227 cum
2014 2177 2197 2229 Arion.
2228 2174 2281 2229 S.
2306 2174 2327 2246 u

301 2248 368 2295 22
427 2240 725 2311 scalpturis
780 2241 994 2312 (Pan.)=
1060 2240 1361 2312 sculpturis
1417 2245 1601 2312 (ctiam
1647 2244 1808 2313 Vivr.)
1864 2246 2015 2299 codd.
2070 2247 2220 2314 (item
2260 2262 2322 2313 p.

301 2316 438 2381 288,
456 2316 566 2382 18).
629 2314 638 2383 Ι
694 2312 859 2367 ‚alnus
897 2312 995 2380 qui
1029 2312 1314 2381 proximus
1353 2316 1533 2383 (masc.
1569 2320 1635 2369 ut
1669 2316 1787 2368 ital.
1826 2316 1967 2383 hisp.
2008 2314 2154 2383 alne,
2190 2317 2321 2381 yall.

247 2389 261 2395 “
296 2386 468 2453 '‘aune)
505 2385 674 2452 codd,
713 2385 806 2439 sed
833 2384 1016 2439 Arion.
1045 2384 1090 2439 S
1111 2387 1272 2454 (sicut
1299 2385 1541 2455 Marini)
1568 2387 1886 2456 corriycndo
1912 2388 2134 2455 scripsit
2162 2384 2323 2439 alnus

299 2471 446 2523 quae
492 2454 746 2523 proxima
794 2470 973 2522 aquae
1011 2472 1064 2507 n.
1106 2457 1326 2523 tenera·‚
1374 2462 1439 2510 ut
1482 2472 1549 2510 cx
1586 2456 1727 2511 Fav.
1757 2458 2009 2513 Isidorus
2043 2459 2137 2524 17,
2166 2459 2215 2525 7,
2246 2461 2323 2512 42

300 2528 390 2595 (cf.
423 2526 608 2595 Pau).
637 2529 656 2596 ΙΙ
685 2530 750 2579 25
789 2524 1106 2594 palationes
1144 2526 1322 2594 spisse
1361 2526 1576 2581 defixae
1608 2571 1617 2580 .
1652 2570 1662 2581 .
1696 2570 1707 2581 .
1739 2529 1966 2581 servant
2001 2529 2185 2595 codd,
2226 2530 2325 2583 ubi

297 2596 604 2667 palationis
661 2596 870 2667 (-nibus
923 2597 1086 2652 Vitr.:
1142 2598 1228 2651 ita
1283 2596 1503 2667 Krohn)
1558 2596 1733 2667 spisse
1789 2596 2012 2652 defixa.
2046 2642 2056 2652 .
2091 2642 2101 2652 .
2132 2601 2323 2653 servat

299 2668 484 2723 Anon.
515 2667 560 2722 S
591 2670 734 2737 (cum
771 2669 944 2736 Vitr.)
976 2669 995 2737 n
1023 2672 1088 2720 31
1129 2667 1178 2721 si
1215 2683 1407 2722 umore
1444 2686 1556 2722 non
1593 2670 1976 2737 corrumpetur
2012 2671 2113 2738 (sic
2150 2670 2323 2740 leyen-

297 2742 430 2795 dwm
465 2746 544 2794 est
578 2756 702 2793 cum
735 2757 786 2808 v,
821 2756 934 2793 ‘non
970 2741 1376 2820 corrumpatur)
1405 2766 1473 2785 =
1502 2740 1653 2807 quod
1688 2757 1743 2793 u.
1790 2756 1904 2793 non
1950 2740 2323 2810 corrumpitur

295 2813 366 2879 cf.
389 2810 534 2865 Pau.
557 2814 647 2878 12,
670 2816 735 2864 15
765 2810 961 2863 cedrus
1000 2809 1272 2863 durabilis
1301 2808 1351 2863 si
1380 2811 1473 2881 (al.
1502 2812 1643 2865 male
1668 2809 1801 2880 nisi)
1828 2826 2020 2865 umore
2047 2814 2320 2881 tangatur

296 2886 418 2951 (om.
448 2882 631 2936 Areon.
663 2880 750 2947 S).
805 2882 824 2950 11
879 2885 945 2933 32
991 2881 1130 2950 pinu
1177 2883 1276 2951 (sic
1320 2898 1389 2936 εει)
1435 2883 1572 2937 Vibr.
1621 2884 1785 2936 ctiam
1821 2882 2003 2937 Arion.
2044 2882 2139 2952 S).-
2183 2881 2318 2953 pino

296 2954 451 3009 codd.
479 2955 500 3023 ss
529 2958 596 3006 33
625 2951 815 3007 cedria
849 2954 1000 3007 codd.
1037 2954 1224 3023 (ctiam
1250 2953 1435 3008 Anon.
1466 2953 1561 3023 S):
1601 2952 1850 3007 cedrium
1886 2954 2025 3009 Vitr.
2044 2971 2106 3023 p.
2138 2958 2230 3022 58,
2246 2958 2317 3009 21

297 3025 469 3094 (Plin.
499 3028 591 3092 16,
610 3026 718 3092 52).
793 3024 1152 3091 confunditur
1185 3024 1273 3079 hic
1317 3025 1506 3079 cedria
1538 3026 1717 3095 (med.)
1754 3042 1875 3079 cum
1918 3026 2033 3080 oleo
2072 3026 2320 3080 cedrino:

297 3098 366 3162 cf'.
398 3096 596 3151 Theod.
628 3095 803 3150 Prisc.
832 3111 893 3164 p.
926 3098 1038 3149 500
1073 3096 1248 3164 (ind),
1286 3095 1439 3149 Plin.
1469 3098 1653 3163 24,17
1686 3101 1779 3150 etc.
1836 3096 1855 3165 ΙΙ
1910 3101 1977 3149 36
2032 3113 2189 3150 nam:
2240 3099 2321 3151 sic

298 3167 449 3220 codd.
471 3169 653 3235 (etiam
672 3166 782 3221 An.
803 3166 870 3235 S)
891 3192 958 3211 =
980 3167 1185 3234 autem,
1213 3173 1278 3221 ut
1300 3168 1525 3235 saepius
1542 3168 1623 3235 (p.
1644 3170 1895 3236 295,10).
1934 3168 2003 3233 cf.
2026 3168 2123 3221 Th.
2140 3166 2315 3222 Prisc.

290 3252 351 3305 p.
384 3240 494 3291 526
529 3239 705 3306 (ind),
744 3236 1042 3292 Anthimus
1079 3238 1302 3307 (Amcd.
1331 3238 1411 3290 II
1436 3238 1577 3307 ind.)
1613 3244 1706 3292 etc.

441 3314 563 3377 294,
594 3314 624 3362 7
679 3307 1000 3376 quindecim
1055 3310 1147 3430 ng
1185 3311 1238 3377 v)
1293 3306 1531 3377 pedibus
1586 3310 1739 3363 codd.
1776 3339 1849 3347 —
1884 3309 1952 3375 cf.
1993 3307 2137 3362 Pazz.
2190 3308 2315 3361 octo

298 3377 472 3447 pedes
511 3379 584 3431 ad
631 3379 877 3447 spatium
925 3381 1053 3432 stan
1095 3378 1116 3429 i
1161 3377 1397 3448 singulis
1442 3378 1614 3433 boum
1658 3377 1891 3449 paribus
1930 3378 2223 3431 abundant
2258 3380 2317 3432 et

297 3448 1588 3590 ῗίοὲἓξῖἓῗέἕῑῗὲτᾳὲἐιῖῗᾶῗὶῗθὲῑὲέὃῗῗῇξὲἳῖ
1606 3448 1994 3589 ἑῗιξίἰῗῗνῗέν
2003 3449 2223 3589 130ῑέἕᾶ
2239 3451 2316 3589 ²93

1888 3625 1996 3678 20*
