<?xml version="1.0" encoding="UTF-8"?>
<!DOCTYPE html PUBLIC "-//W3C//DTD XHTML 1.0 Transitional//EN"
    "http://www.w3.org/TR/xhtml1/DTD/xhtml1-transitional.dtd">
<html xmlns="http://www.w3.org/1999/xhtml" xml:lang="en" lang="en">
 <head>
  <title>
</title>
<meta http-equiv="Content-Type" content="text/html;charset=utf-8" />
  <meta name='ocr-system' content='tesseract 3.04.00' />
  <meta name='ocr-capabilities' content='ocr_page ocr_carea ocr_par ocr_line ocrx_word'/>
</head>
<body>
  <div class='ocr_page' id='page_1' title='image "./vitruviidearchi00pollgoog_0239.png"; bbox 0 0 2664 3927; ppageno 0'>
   <div class='ocr_carea' id='block_1_1' title="bbox 715 182 2286 254">
    <p class='ocr_par' dir='ltr' id='par_1_1' title="bbox 715 182 2286 254">
     <span class='ocr_line' id='line_1_1' title="bbox 715 182 2286 254; baseline 0.008 -17"><span class='ocrx_word' id='word_1_1' title='bbox 715 183 811 237; x_wconf 84' lang='lat' dir='ltr'><strong>DE</strong></span> <span class='ocrx_word' id='word_1_2' title='bbox 848 182 1407 238; x_wconf 82' lang='lat' dir='ltr'><strong>ARCHITECTURA</strong></span> <span class='ocrx_word' id='word_1_3' title='bbox 1442 183 1574 238; x_wconf 88' lang='lat' dir='ltr'><strong>LIB.</strong></span> <span class='ocrx_word' id='word_1_4' title='bbox 1616 184 1756 254; x_wconf 87' lang='lat' dir='ltr'><strong>Vm,</strong></span> <span class='ocrx_word' id='word_1_5' title='bbox 1797 190 1828 239; x_wconf 85' lang='lat'>5</span> <span class='ocrx_word' id='word_1_6' title='bbox 2157 186 2286 249; x_wconf 80' lang='lat'><strong>203</strong></span> 
     </span>
    </p>
   </div>
   <div class='ocr_carea' id='block_1_2' title="bbox 120 330 2288 2632">
    <p class='ocr_par' dir='ltr' id='par_1_2' title="bbox 154 330 2288 679">
     <span class='ocr_line' id='line_1_2' title="bbox 154 330 2287 413; baseline 0 -19"><span class='ocrx_word' id='word_1_7' title='bbox 154 348 246 400; x_wconf 62' lang='grc' dir='ltr'><strong>(ιο)</strong></span> <span class='ocrx_word' id='word_1_8' title='bbox 265 336 569 412; x_wconf 78' lang='lat' dir='ltr'>libraeque</span> <span class='ocrx_word' id='word_1_9' title='bbox 608 330 618 413; x_wconf 88' lang='grc' dir='ltr'>Ι</span> <span class='ocrx_word' id='word_1_10' title='bbox 658 334 895 393; x_wconf 86' lang='lat' dir='ltr'><strong>fallunt.</strong></span> <span class='ocrx_word' id='word_1_11' title='bbox 966 334 1314 394; x_wconf 73' lang='lat' dir='ltr'><strong>chorobates</strong></span> <span class='ocrx_word' id='word_1_12' title='bbox 1353 337 1554 393; x_wconf 88' lang='lat' dir='ltr'><strong>autem</strong></span> <span class='ocrx_word' id='word_1_13' title='bbox 1591 338 1682 394; x_wconf 88' lang='lat' dir='ltr'><strong>est</strong></span> <span class='ocrx_word' id='word_1_14' title='bbox 1717 337 1924 413; x_wconf 84' lang='lat' dir='ltr'><strong>regula</strong></span> <span class='ocrx_word' id='word_1_15' title='bbox 1960 336 2139 413; x_wconf 84' lang='lat' dir='ltr'><strong>longa</strong></span> <span class='ocrx_word' id='word_1_16' title='bbox 2177 338 2287 394; x_wconf 86' lang='lat' dir='ltr'><strong>cir-</strong></span> 
     </span>
     <span class='ocr_line' id='line_1_3' title="bbox 266 422 2286 501; baseline 0 -18"><span class='ocrx_word' id='word_1_17' title='bbox 266 427 415 484; x_wconf 85' lang='lat' dir='ltr'><strong>citer</strong></span> <span class='ocrx_word' id='word_1_18' title='bbox 466 424 685 501; x_wconf 86' lang='lat' dir='ltr'><strong>pedum</strong></span> <span class='ocrx_word' id='word_1_19' title='bbox 728 422 969 500; x_wconf 67' lang='lat' dir='ltr'><strong>yiginti.</strong></span> <span class='ocrx_word' id='word_1_20' title='bbox 1062 442 1131 481; x_wconf 88' lang='lat' dir='ltr'><strong>ea</strong></span> <span class='ocrx_word' id='word_1_21' title='bbox 1183 422 1364 482; x_wconf 89' lang='lat' dir='ltr'><strong>habet</strong></span> <span class='ocrx_word' id='word_1_22' title='bbox 1417 442 1670 483; x_wconf 85' lang='lat' dir='ltr'><strong>ancones</strong></span> <span class='ocrx_word' id='word_1_23' title='bbox 1723 424 1789 482; x_wconf 88' lang='lat' dir='ltr'><strong>in</strong></span> <span class='ocrx_word' id='word_1_24' title='bbox 1843 425 2135 501; x_wconf 81' lang='lat' dir='ltr'><strong>capitibus</strong></span> <span class='ocrx_word' id='word_1_25' title='bbox 2191 446 2286 484; x_wconf 81' lang='lat' dir='ltr'><strong>ex·</strong></span> 
     </span>
     <span class='ocr_line' id='line_1_4' title="bbox 266 511 2288 591; baseline 0.001 -20"><span class='ocrx_word' id='word_1_26' title='bbox 266 514 470 573; x_wconf 87' lang='lat' dir='ltr'><strong>tremis</strong></span> <span class='ocrx_word' id='word_1_27' title='bbox 518 513 754 589; x_wconf 86' lang='lat' dir='ltr'><strong>aequali</strong></span> <span class='ocrx_word' id='word_1_28' title='bbox 798 511 973 570; x_wconf 81' lang='lat' dir='ltr'><strong>inodo</strong></span> <span class='ocrx_word' id='word_1_29' title='bbox 1019 511 1311 587; x_wconf 83' lang='lat' dir='ltr'><strong>perfectos</strong></span> <span class='ocrx_word' id='word_1_30' title='bbox 1357 512 1538 588; x_wconf 87' lang='lat' dir='ltr'><strong>inque</strong></span> <span class='ocrx_word' id='word_1_31' title='bbox 1581 514 1822 591; x_wconf 87' lang='lat' dir='ltr'><strong>regulae</strong></span> <span class='ocrx_word' id='word_1_32' title='bbox 1869 514 2162 590; x_wconf 72' lang='lat' dir='ltr'><strong>capitibus</strong></span> <span class='ocrx_word' id='word_1_33' title='bbox 2211 515 2288 572; x_wconf 84' lang='lat' dir='ltr'><strong>ad</strong></span> 
     </span>
     <span class='ocr_line' id='line_1_5' title="bbox 267 602 2285 679; baseline 0 -18"><span class='ocrx_word' id='word_1_34' title='bbox 267 623 535 662; x_wconf 90' lang='lat' dir='ltr'><strong>normam</strong></span> <span class='ocrx_word' id='word_1_35' title='bbox 599 602 1071 679; x_wconf 80' lang='lat' dir='ltr'><strong>coagmentat08‚</strong></span> <span class='ocrx_word' id='word_1_36' title='bbox 1134 603 1197 659; x_wconf 90' lang='lat' dir='ltr'><strong>et</strong></span> <span class='ocrx_word' id='word_1_37' title='bbox 1256 602 1415 659; x_wconf 88' lang='lat' dir='ltr'><strong>inter</strong></span> <span class='ocrx_word' id='word_1_38' title='bbox 1475 602 1745 679; x_wconf 83' lang='lat' dir='ltr'><strong>regulam</strong></span> <span class='ocrx_word' id='word_1_39' title='bbox 1809 605 1869 661; x_wconf 89' lang='lat' dir='ltr'><strong>et</strong></span> <span class='ocrx_word' id='word_1_40' title='bbox 1933 620 2184 663; x_wconf 81' lang='lat' dir='ltr'><strong>ancones</strong></span> <span class='ocrx_word' id='word_1_41' title='bbox 2249 624 2285 661; x_wconf 89' lang='lat' dir='ltr'><strong>a</strong></span> 
     </span>
    </p>

    <p class='ocr_par' dir='ltr' id='par_1_3' title="bbox 209 690 2287 765">
     <span class='ocr_line' id='line_1_6' title="bbox 209 690 2287 765; baseline -0.001 -13"><span class='ocrx_word' id='word_1_42' title='bbox 209 712 238 753; x_wconf 78' lang='lat'><strong>5</strong></span> <span class='ocrx_word' id='word_1_43' title='bbox 266 691 602 750; x_wconf 67' lang='lat' dir='ltr'><strong>cardinibus</strong></span> <span class='ocrx_word' id='word_1_44' title='bbox 646 692 958 765; x_wconf 85' lang='lat' dir='ltr'><strong>compacta</strong></span> <span class='ocrx_word' id='word_1_45' title='bbox 1001 690 1458 765; x_wconf 78' lang='lat' dir='ltr'><strong>transversaria,</strong></span> <span class='ocrx_word' id='word_1_46' title='bbox 1515 710 1666 765; x_wconf 88' lang='lat' dir='ltr'><strong>quae</strong></span> <span class='ocrx_word' id='word_1_47' title='bbox 1708 690 1931 750; x_wconf 87' lang='lat' dir='ltr'><strong>habent</strong></span> <span class='ocrx_word' id='word_1_48' title='bbox 1975 692 2162 751; x_wconf 87' lang='lat' dir='ltr'><strong>lineas</strong></span> <span class='ocrx_word' id='word_1_49' title='bbox 2211 691 2287 750; x_wconf 87' lang='lat' dir='ltr'><strong>ad</strong></span> 
     </span>
    </p>

    <p class='ocr_par' dir='ltr' id='par_1_4' title="bbox 154 774 2286 858">
     <span class='ocr_line' id='line_1_7' title="bbox 154 774 2286 858; baseline 0.003 -26"><span class='ocrx_word' id='word_1_50' title='bbox 154 791 245 845; x_wconf 78' lang='lat'>(25)</span> <span class='ocrx_word' id='word_1_51' title='bbox 265 780 751 857; x_wconf 85' lang='lat' dir='ltr'><strong>perpendiculum</strong></span> <span class='ocrx_word' id='word_1_52' title='bbox 811 780 971 839; x_wconf 85' lang='lat' dir='ltr'><strong>recte</strong></span> <span class='ocrx_word' id='word_1_53' title='bbox 1024 777 1349 853; x_wconf 83' lang='lat' dir='ltr'><strong>descriptas</strong></span> <span class='ocrx_word' id='word_1_54' title='bbox 1397 774 1407 857; x_wconf 96' lang='grc' dir='ltr'>Ι</span> <span class='ocrx_word' id='word_1_55' title='bbox 1455 779 1889 857; x_wconf 84' lang='lat' dir='ltr'><strong>pendentiaque</strong></span> <span class='ocrx_word' id='word_1_56' title='bbox 1949 800 2023 839; x_wconf 83' lang='lat' dir='ltr'><strong>ex</strong></span> <span class='ocrx_word' id='word_1_57' title='bbox 2079 782 2286 858; x_wconf 85' lang='lat' dir='ltr'><strong>regula</strong></span> 
     </span>
    </p>

    <p class='ocr_par' dir='ltr' id='par_1_5' title="bbox 120 862 2285 1121">
     <span class='ocr_line' id='line_1_8' title="bbox 120 862 2285 945; baseline 0 -17"><span class='ocrx_word' id='word_1_58' title='bbox 120 878 245 934; x_wconf 76' lang='grc'><strong>206</strong></span> <span class='ocrx_word' id='word_1_59' title='bbox 264 868 687 945; x_wconf 88' lang='lat' dir='ltr'><strong>perpendicula</strong></span> <span class='ocrx_word' id='word_1_60' title='bbox 748 867 813 924; x_wconf 88' lang='lat' dir='ltr'><strong>in</strong></span> <span class='ocrx_word' id='word_1_61' title='bbox 876 867 1125 944; x_wconf 86' lang='lat' dir='ltr'><strong>singulis</strong></span> <span class='ocrx_word' id='word_1_62' title='bbox 1187 867 1458 943; x_wconf 87' lang='lat' dir='ltr'><strong>partibus</strong></span> <span class='ocrx_word' id='word_1_63' title='bbox 1509 862 1517 945; x_wconf 91' lang='grc' dir='ltr'>Ι</span> <span class='ocrx_word' id='word_1_64' title='bbox 1567 868 1829 945; x_wconf 85' lang='lat' dir='ltr'><strong>singula,</strong></span> <span class='ocrx_word' id='word_1_65' title='bbox 1901 887 2078 945; x_wconf 87' lang='lat' dir='ltr'><strong>quae,</strong></span> <span class='ocrx_word' id='word_1_66' title='bbox 2151 888 2285 928; x_wconf 88' lang='lat' dir='ltr'><strong>cum</strong></span> 
     </span>
     <span class='ocr_line' id='line_1_9' title="bbox 265 956 2284 1035; baseline 0 -19"><span class='ocrx_word' id='word_1_67' title='bbox 265 958 473 1035; x_wconf 87' lang='lat' dir='ltr'><strong>regula</strong></span> <span class='ocrx_word' id='word_1_68' title='bbox 520 959 611 1015; x_wconf 85' lang='lat' dir='ltr'><strong>est</strong></span> <span class='ocrx_word' id='word_1_69' title='bbox 655 956 962 1015; x_wconf 86' lang='lat' dir='ltr'><strong>conlocata</strong></span> <span class='ocrx_word' id='word_1_70' title='bbox 996 975 1183 1031; x_wconf 88' lang='lat' dir='ltr'><strong>eaque</strong></span> <span class='ocrx_word' id='word_1_71' title='bbox 1218 958 1472 1033; x_wconf 88' lang='lat' dir='ltr'><strong>tangent</strong></span> <span class='ocrx_word' id='word_1_72' title='bbox 1507 976 1694 1033; x_wconf 90' lang='lat' dir='ltr'><strong>aeque</strong></span> <span class='ocrx_word' id='word_1_73' title='bbox 1733 976 1800 1015; x_wconf 90' lang='grc'><strong>66</strong></span> <span class='ocrx_word' id='word_1_74' title='bbox 1835 958 2063 1033; x_wconf 87' lang='lat' dir='ltr'><strong>pariter</strong></span> <span class='ocrx_word' id='word_1_75' title='bbox 2097 959 2284 1017; x_wconf 87' lang='lat' dir='ltr'><strong>lineas</strong></span> 
     </span>
     <span class='ocr_line' id='line_1_10' title="bbox 264 1044 2285 1121; baseline 0.001 -16"><span class='ocrx_word' id='word_1_76' title='bbox 264 1046 697 1121; x_wconf 77' lang='lat' dir='ltr'><strong>descriptionis,</strong></span> <span class='ocrx_word' id='word_1_77' title='bbox 740 1044 1005 1103; x_wconf 81' lang='lat' dir='ltr'><strong>indicant</strong></span> <span class='ocrx_word' id='word_1_78' title='bbox 1049 1044 1329 1103; x_wconf 87' lang='lat' dir='ltr'><strong>libratam</strong></span> <span class='ocrx_word' id='word_1_79' title='bbox 1376 1046 1856 1105; x_wconf 74' lang='lat' dir='ltr'><strong>conlocationem.</strong></span> <span class='ocrx_word' id='word_1_80' title='bbox 1949 1047 2041 1106; x_wconf 89' lang='lat' dir='ltr'><strong>sin</strong></span> <span class='ocrx_word' id='word_1_81' title='bbox 2087 1050 2285 1107; x_wconf 87' lang='lat' dir='ltr'><strong>autem</strong></span> 
     </span>
    </p>

    <p class='ocr_par' dir='ltr' id='par_1_6' title="bbox 179 1134 2286 1211">
     <span class='ocr_line' id='line_1_11' title="bbox 179 1134 2286 1211; baseline -0 -15"><span class='ocrx_word' id='word_1_82' title='bbox 179 1156 236 1196; x_wconf 86' lang='lat'><strong>10</strong></span> <span class='ocrx_word' id='word_1_83' title='bbox 264 1138 478 1194; x_wconf 84' lang='lat' dir='ltr'><strong>ventus</strong></span> <span class='ocrx_word' id='word_1_84' title='bbox 531 1134 1003 1209; x_wconf 83' lang='lat' dir='ltr'><strong>interpellaverit</strong></span> <span class='ocrx_word' id='word_1_85' title='bbox 1055 1136 1120 1192; x_wconf 88' lang='lat' dir='ltr'><strong>et·</strong></span> <span class='ocrx_word' id='word_1_86' title='bbox 1169 1134 1532 1194; x_wconf 87' lang='lat' dir='ltr'><strong>motionibus</strong></span> <span class='ocrx_word' id='word_1_87' title='bbox 1582 1135 1774 1193; x_wconf 85' lang='lat' dir='ltr'><strong>lineae</strong></span> <span class='ocrx_word' id='word_1_88' title='bbox 1818 1154 1938 1195; x_wconf 89' lang='lat' dir='ltr'><strong>non</strong></span> <span class='ocrx_word' id='word_1_89' title='bbox 1982 1138 2286 1211; x_wconf 86' lang='lat' dir='ltr'><strong>potuerint</strong></span> 
     </span>
    </p>

    <p class='ocr_par' dir='ltr' id='par_1_7' title="bbox 177 1220 2286 1567">
     <span class='ocr_line' id='line_1_12' title="bbox 177 1220 2285 1303; baseline -0 -18"><span class='ocrx_word' id='word_1_90' title='bbox 177 1236 243 1287; x_wconf 83' lang='lat'><strong>(5)</strong></span> <span class='ocrx_word' id='word_1_91' title='bbox 264 1226 487 1283; x_wconf 87' lang='lat' dir='ltr'><strong>certam</strong></span> <span class='ocrx_word' id='word_1_92' title='bbox 542 1222 1033 1300; x_wconf 84' lang='lat' dir='ltr'><strong>significationem</strong></span> <span class='ocrx_word' id='word_1_93' title='bbox 1084 1224 1305 1297; x_wconf 88' lang='lat' dir='ltr'><strong>facere,</strong></span> <span class='ocrx_word' id='word_1_94' title='bbox 1365 1224 1510 1282; x_wconf 87' lang='lat' dir='ltr'><strong>tunc</strong></span> <span class='ocrx_word' id='word_1_95' title='bbox 1562 1223 1780 1283; x_wconf 89' lang='lat' dir='ltr'><strong>habeat</strong></span> <span class='ocrx_word' id='word_1_96' title='bbox 1830 1226 1896 1281; x_wconf 89' lang='lat' dir='ltr'><strong>in</strong></span> <span class='ocrx_word' id='word_1_97' title='bbox 1933 1220 1944 1303; x_wconf 98' lang='grc' dir='ltr'>Ι</span> <span class='ocrx_word' id='word_1_98' title='bbox 1987 1226 2285 1300; x_wconf 85' lang='lat' dir='ltr'><strong>superiore</strong></span> 
     </span>
     <span class='ocr_line' id='line_1_13' title="bbox 264 1310 2282 1390; baseline 0.001 -19"><span class='ocrx_word' id='word_1_99' title='bbox 264 1315 435 1389; x_wconf 87' lang='lat' dir='ltr'><strong>parte</strong></span> <span class='ocrx_word' id='word_1_100' title='bbox 472 1312 739 1371; x_wconf 86' lang='lat' dir='ltr'><strong>canalem</strong></span> <span class='ocrx_word' id='word_1_101' title='bbox 773 1312 1021 1388; x_wconf 87' lang='lat' dir='ltr'><strong>longum</strong></span> <span class='ocrx_word' id='word_1_102' title='bbox 1054 1310 1233 1387; x_wconf 87' lang='lat' dir='ltr'><strong>pedes</strong></span> <span class='ocrx_word' id='word_1_103' title='bbox 1270 1330 1311 1371; x_wconf 86' lang='lat' dir='ltr'><strong>v</strong></span> <span class='ocrx_word' id='word_1_104' title='bbox 1344 1313 1535 1371; x_wconf 86' lang='lat' dir='ltr'><strong>latum</strong></span> <span class='ocrx_word' id='word_1_105' title='bbox 1561 1312 1817 1389; x_wconf 84' lang='lat' dir='ltr'><strong>digitum</strong></span> <span class='ocrx_word' id='word_1_106' title='bbox 1845 1313 2034 1372; x_wconf 86' lang='lat' dir='ltr'><strong>altum</strong></span> <span class='ocrx_word' id='word_1_107' title='bbox 2061 1316 2282 1390; x_wconf 85' lang='lat' dir='ltr'><strong>sesqui-</strong></span> 
     </span>
     <span class='ocr_line' id='line_1_14' title="bbox 264 1399 2286 1479; baseline 0 -19"><span class='ocrx_word' id='word_1_108' title='bbox 264 1402 521 1478; x_wconf 84' lang='lat' dir='ltr'><strong>digitum</strong></span> <span class='ocrx_word' id='word_1_109' title='bbox 584 1420 768 1476; x_wconf 89' lang='lat' dir='ltr'><strong>eoque</strong></span> <span class='ocrx_word' id='word_1_110' title='bbox 833 1420 989 1476; x_wconf 86' lang='lat' dir='ltr'><strong>aqua</strong></span> <span class='ocrx_word' id='word_1_111' title='bbox 1051 1399 1432 1475; x_wconf 78' lang='lat' dir='ltr'><strong>infundatur,</strong></span> <span class='ocrx_word' id='word_1_112' title='bbox 1495 1404 1557 1461; x_wconf 91' lang='lat' dir='ltr'><strong>et</strong></span> <span class='ocrx_word' id='word_1_113' title='bbox 1619 1402 1672 1461; x_wconf 88' lang='lat' dir='ltr'><strong>si</strong></span> <span class='ocrx_word' id='word_1_114' title='bbox 1736 1403 2066 1478; x_wconf 88' lang='lat' dir='ltr'><strong>aequaliter</strong></span> <span class='ocrx_word' id='word_1_115' title='bbox 2127 1423 2286 1479; x_wconf 86' lang='lat' dir='ltr'><strong>aqua</strong></span> 
     </span>
     <span class='ocr_line' id='line_1_15' title="bbox 263 1489 2283 1567; baseline 0 -18"><span class='ocrx_word' id='word_1_116' title='bbox 263 1491 484 1549; x_wconf 86' lang='lat' dir='ltr'><strong>canalis</strong></span> <span class='ocrx_word' id='word_1_117' title='bbox 532 1508 763 1549; x_wconf 85' lang='lat' dir='ltr'><strong>summa</strong></span> <span class='ocrx_word' id='word_1_118' title='bbox 807 1489 975 1547; x_wconf 91' lang='lat' dir='ltr'><strong>labra</strong></span> <span class='ocrx_word' id='word_1_119' title='bbox 1018 1491 1253 1567; x_wconf 86' lang='lat' dir='ltr'><strong>tanget,</strong></span> <span class='ocrx_word' id='word_1_120' title='bbox 1298 1490 1531 1549; x_wconf 81' lang='lat' dir='ltr'><strong>scietur</strong></span> <span class='ocrx_word' id='word_1_121' title='bbox 1575 1508 1702 1549; x_wconf 88' lang='grc'><strong>6886</strong></span> <span class='ocrx_word' id='word_1_122' title='bbox 1746 1490 2046 1550; x_wconf 86' lang='lat' dir='ltr'><strong>libratum.</strong></span> <span class='ocrx_word' id='word_1_123' title='bbox 2136 1494 2283 1550; x_wconf 89' lang='lat' dir='ltr'><strong>item</strong></span> 
     </span>
    </p>

    <p class='ocr_par' dir='ltr' id='par_1_8' title="bbox 175 1578 2282 1747">
     <span class='ocr_line' id='line_1_16' title="bbox 175 1578 2282 1659; baseline 0 -20"><span class='ocrx_word' id='word_1_124' title='bbox 175 1600 233 1641; x_wconf 85' lang='lat'><strong>15</strong></span> <span class='ocrx_word' id='word_1_125' title='bbox 263 1598 331 1638; x_wconf 90' lang='grc' dir='ltr'><strong>6ο</strong></span> <span class='ocrx_word' id='word_1_126' title='bbox 378 1578 692 1638; x_wconf 81' lang='lat' dir='ltr'><strong>chorobate</strong></span> <span class='ocrx_word' id='word_1_127' title='bbox 739 1597 874 1637; x_wconf 90' lang='lat' dir='ltr'><strong>cum</strong></span> <span class='ocrx_word' id='word_1_128' title='bbox 916 1578 1305 1659; x_wconf 80' lang='lat' dir='ltr'><strong>perlibratum</strong></span> <span class='ocrx_word' id='word_1_129' title='bbox 1351 1580 1440 1637; x_wconf 87' lang='lat' dir='ltr'><strong>ita</strong></span> <span class='ocrx_word' id='word_1_130' title='bbox 1484 1580 1684 1654; x_wconf 87' lang='lat' dir='ltr'><strong>fuerit,</strong></span> <span class='ocrx_word' id='word_1_131' title='bbox 1729 1580 1948 1639; x_wconf 78' lang='lat' dir='ltr'><strong>scietur</strong></span> <span class='ocrx_word' id='word_1_132' title='bbox 1994 1583 2282 1657; x_wconf 81' lang='lat' dir='ltr'><strong>quantum</strong></span> 
     </span>
     <span class='ocr_line' id='line_1_17' title="bbox 260 1666 2282 1747; baseline 0 -20"><span class='ocrx_word' id='word_1_133' title='bbox 260 1668 537 1728; x_wconf 88' lang='lat' dir='ltr'><strong>habuerit</strong></span> <span class='ocrx_word' id='word_1_134' title='bbox 576 1667 821 1743; x_wconf 85' lang='lat' dir='ltr'><strong>fastigii.</strong></span> <span class='ocrx_word' id='word_1_135' title='bbox 885 1666 1137 1726; x_wconf 87' lang='lat' dir='ltr'><strong>fortasse</strong></span> <span class='ocrx_word' id='word_1_136' title='bbox 1175 1668 1279 1742; x_wconf 91' lang='lat' dir='ltr'><strong>qui</strong></span> <span class='ocrx_word' id='word_1_137' title='bbox 1315 1666 1686 1727; x_wconf 83' lang='lat' dir='ltr'><strong>Archimedis</strong></span> <span class='ocrx_word' id='word_1_138' title='bbox 1723 1667 1905 1729; x_wconf 89' lang='lat' dir='ltr'><strong>libros</strong></span> <span class='ocrx_word' id='word_1_139' title='bbox 1941 1670 2091 1747; x_wconf 88' lang='lat' dir='ltr'><strong>legit</strong></span> <span class='ocrx_word' id='word_1_140' title='bbox 2124 1670 2282 1728; x_wconf 85' lang='lat' dir='ltr'><strong>dicet</strong></span> 
     </span>
    </p>

    <p class='ocr_par' dir='ltr' id='par_1_9' title="bbox 136 1750 2281 2010">
     <span class='ocr_line' id='line_1_18' title="bbox 136 1750 2281 1836; baseline -0.001 -17"><span class='ocrx_word' id='word_1_141' title='bbox 136 1771 241 1819; x_wconf 83' lang='lat'><strong>(10)</strong></span> <span class='ocrx_word' id='word_1_142' title='bbox 260 1776 381 1816; x_wconf 86' lang='lat' dir='ltr'><strong>non</strong></span> <span class='ocrx_word' id='word_1_143' title='bbox 428 1750 439 1836; x_wconf 95' lang='grc' dir='ltr'>Ι</span> <span class='ocrx_word' id='word_1_144' title='bbox 486 1775 659 1832; x_wconf 86' lang='lat' dir='ltr'><strong>posse</strong></span> <span class='ocrx_word' id='word_1_145' title='bbox 722 1755 851 1815; x_wconf 86' lang='lat' dir='ltr'><strong>fieri</strong></span> <span class='ocrx_word' id='word_1_146' title='bbox 912 1774 1115 1814; x_wconf 84' lang='lat' dir='ltr'><strong>veram</strong></span> <span class='ocrx_word' id='word_1_147' title='bbox 1178 1775 1247 1815; x_wconf 82' lang='lat' dir='ltr'><strong>ex</strong></span> <span class='ocrx_word' id='word_1_148' title='bbox 1310 1776 1466 1832; x_wconf 84' lang='lat' dir='ltr'><strong>aqua</strong></span> <span class='ocrx_word' id='word_1_149' title='bbox 1529 1757 1930 1833; x_wconf 83' lang='lat' dir='ltr'><strong>librationem,</strong></span> <span class='ocrx_word' id='word_1_150' title='bbox 2005 1759 2162 1834; x_wconf 89' lang='lat' dir='ltr'><strong>quod</strong></span> <span class='ocrx_word' id='word_1_151' title='bbox 2226 1760 2281 1816; x_wconf 90' lang='lat' dir='ltr'><strong>ei</strong></span> 
     </span>
     <span class='ocr_line' id='line_1_19' title="bbox 260 1844 2280 1922; baseline 0.001 -19"><span class='ocrx_word' id='word_1_152' title='bbox 260 1846 459 1921; x_wconf 87' lang='lat' dir='ltr'><strong>placet</strong></span> <span class='ocrx_word' id='word_1_153' title='bbox 520 1864 737 1919; x_wconf 89' lang='lat' dir='ltr'><strong>aquam</strong></span> <span class='ocrx_word' id='word_1_154' title='bbox 789 1864 909 1903; x_wconf 89' lang='lat' dir='ltr'><strong>non</strong></span> <span class='ocrx_word' id='word_1_155' title='bbox 964 1862 1091 1903; x_wconf 89' lang='lat' dir='ltr'><strong>esse</strong></span> <span class='ocrx_word' id='word_1_156' title='bbox 1143 1844 1424 1903; x_wconf 85' lang='lat' dir='ltr'><strong>libratam</strong></span> <span class='ocrx_word' id='word_1_157' title='bbox 1479 1846 1582 1904; x_wconf 86' lang='lat' dir='ltr'><strong>sed</strong></span> <span class='ocrx_word' id='word_1_158' title='bbox 1634 1847 2010 1922; x_wconf 82' lang='lat' dir='ltr'><strong>sphaeroides</strong></span> <span class='ocrx_word' id='word_1_159' title='bbox 2064 1846 2280 1906; x_wconf 90' lang='lat' dir='ltr'><strong>habere</strong></span> 
     </span>
     <span class='ocr_line' id='line_1_20' title="bbox 262 1932 2280 2010; baseline 0.001 -17"><span class='ocrx_word' id='word_1_160' title='bbox 262 1934 497 1994; x_wconf 89' lang='lat' dir='ltr'><strong>schema</strong></span> <span class='ocrx_word' id='word_1_161' title='bbox 543 1936 603 1993; x_wconf 90' lang='lat' dir='ltr'><strong>et</strong></span> <span class='ocrx_word' id='word_1_162' title='bbox 646 1932 735 1992; x_wconf 91' lang='lat' dir='ltr'><strong>ibi</strong></span> <span class='ocrx_word' id='word_1_163' title='bbox 775 1932 991 1992; x_wconf 92' lang='lat' dir='ltr'><strong>habere</strong></span> <span class='ocrx_word' id='word_1_164' title='bbox 1036 1935 1303 1992; x_wconf 86' lang='lat' dir='ltr'><strong>centrum</strong></span> <span class='ocrx_word' id='word_1_165' title='bbox 1349 1953 1466 2010; x_wconf 90' lang='lat' dir='ltr'><strong>quo</strong></span> <span class='ocrx_word' id='word_1_166' title='bbox 1511 1934 1627 1995; x_wconf 93' lang='lat' dir='ltr'><strong>loci</strong></span> <span class='ocrx_word' id='word_1_167' title='bbox 1669 1935 1851 1995; x_wconf 92' lang='lat' dir='ltr'><strong>habet</strong></span> <span class='ocrx_word' id='word_1_168' title='bbox 1893 1936 2051 1996; x_wconf 88' lang='lat' dir='ltr'><strong>orbis</strong></span> <span class='ocrx_word' id='word_1_169' title='bbox 2095 1939 2280 1997; x_wconf 89' lang='lat' dir='ltr'><strong>terra·</strong></span> 
     </span>
    </p>

    <p class='ocr_par' dir='ltr' id='par_1_10' title="bbox 170 2023 2282 2188">
     <span class='ocr_line' id='line_1_21' title="bbox 170 2023 2282 2103; baseline 0 -19"><span class='ocrx_word' id='word_1_170' title='bbox 170 2045 233 2084; x_wconf 63' lang='grc'><strong>86</strong></span> <span class='ocrx_word' id='word_1_171' title='bbox 261 2043 411 2082; x_wconf 88' lang='lat' dir='ltr'><strong>rum.</strong></span> <span class='ocrx_word' id='word_1_172' title='bbox 498 2024 612 2081; x_wconf 87' lang='lat' dir='ltr'><strong>hoc</strong></span> <span class='ocrx_word' id='word_1_173' title='bbox 674 2025 899 2096; x_wconf 87' lang='lat' dir='ltr'><strong>autem,</strong></span> <span class='ocrx_word' id='word_1_174' title='bbox 962 2023 1086 2082; x_wconf 86' lang='lat' dir='ltr'><strong>sive</strong></span> <span class='ocrx_word' id='word_1_175' title='bbox 1138 2023 1319 2098; x_wconf 88' lang='lat' dir='ltr'><strong>plana</strong></span> <span class='ocrx_word' id='word_1_176' title='bbox 1373 2027 1466 2082; x_wconf 88' lang='lat' dir='ltr'><strong>est</strong></span> <span class='ocrx_word' id='word_1_177' title='bbox 1523 2045 1678 2100; x_wconf 89' lang='lat' dir='ltr'><strong>aqua</strong></span> <span class='ocrx_word' id='word_1_178' title='bbox 1731 2043 1835 2084; x_wconf 89' lang='lat' dir='ltr'><strong>seu</strong></span> <span class='ocrx_word' id='word_1_179' title='bbox 1888 2026 2282 2103; x_wconf 84' lang='lat' dir='ltr'><strong>sphaeroides,</strong></span> 
     </span>
     <span class='ocr_line' id='line_1_22' title="bbox 260 2111 2281 2188; baseline 0.002 -17"><span class='ocrx_word' id='word_1_180' title='bbox 260 2130 495 2171; x_wconf 89' lang='lat' dir='ltr'><strong>necesse</strong></span> <span class='ocrx_word' id='word_1_181' title='bbox 561 2113 675 2186; x_wconf 83' lang='lat' dir='ltr'><strong>est,</strong></span> <span class='ocrx_word' id='word_1_182' title='bbox 740 2111 816 2168; x_wconf 90' lang='lat' dir='ltr'><strong>ad</strong></span> <span class='ocrx_word' id='word_1_183' title='bbox 882 2113 1143 2170; x_wconf 86' lang='lat' dir='ltr'><strong>extrema</strong></span> <span class='ocrx_word' id='word_1_184' title='bbox 1205 2112 1404 2188; x_wconf 88' lang='lat' dir='ltr'><strong>capita</strong></span> <span class='ocrx_word' id='word_1_185' title='bbox 1467 2112 1673 2172; x_wconf 85' lang='lat' dir='ltr'><strong>dextra</strong></span> <span class='ocrx_word' id='word_1_186' title='bbox 1727 2133 1796 2172; x_wconf 91' lang='lat' dir='ltr'><strong>ac</strong></span> <span class='ocrx_word' id='word_1_187' title='bbox 1849 2115 2090 2174; x_wconf 87' lang='lat' dir='ltr'><strong>sinistra</strong></span> <span class='ocrx_word' id='word_1_188' title='bbox 2145 2135 2281 2175; x_wconf 88' lang='lat' dir='ltr'><strong>cum</strong></span> 
     </span>
    </p>

    <p class='ocr_par' dir='ltr' id='par_1_11' title="bbox 133 2192 2280 2457">
     <span class='ocr_line' id='line_1_23' title="bbox 133 2192 2280 2283; baseline 0.002 -23"><span class='ocrx_word' id='word_1_189' title='bbox 133 2215 239 2266; x_wconf 73' lang='grc' dir='ltr'><strong>(ιὸ)</strong></span> <span class='ocrx_word' id='word_1_190' title='bbox 259 2202 478 2259; x_wconf 90' lang='lat' dir='ltr'><strong>librata</strong></span> <span class='ocrx_word' id='word_1_191' title='bbox 531 2199 739 2277; x_wconf 85' lang='lat' dir='ltr'><strong>regula</strong></span> <span class='ocrx_word' id='word_1_192' title='bbox 793 2201 910 2258; x_wconf 89' lang='lat' dir='ltr'><strong>erit</strong></span> <span class='ocrx_word' id='word_1_193' title='bbox 952 2201 1180 2276; x_wconf 88' lang='lat' dir='ltr'><strong>pariter</strong></span> <span class='ocrx_word' id='word_1_194' title='bbox 1223 2192 1532 2283; x_wconf 70' lang='lat' dir='ltr'><strong>susti&#39;nere</strong></span> <span class='ocrx_word' id='word_1_195' title='bbox 1576 2203 1846 2280; x_wconf 86' lang='lat' dir='ltr'><strong>regulam</strong></span> <span class='ocrx_word' id='word_1_196' title='bbox 1891 2223 2131 2280; x_wconf 83' lang='lat' dir='ltr'><strong>aquam,</strong></span> <span class='ocrx_word' id='word_1_197' title='bbox 2187 2208 2280 2264; x_wconf 89' lang='lat' dir='ltr'><strong>sin</strong></span> 
     </span>
     <span class='ocr_line' id='line_1_24' title="bbox 259 2289 2278 2367; baseline 0.002 -18"><span class='ocrx_word' id='word_1_198' title='bbox 259 2293 461 2350; x_wconf 86' lang='lat' dir='ltr'><strong>autem</strong></span> <span class='ocrx_word' id='word_1_199' title='bbox 512 2289 847 2365; x_wconf 88' lang='lat' dir='ltr'><strong>proclinata</strong></span> <span class='ocrx_word' id='word_1_200' title='bbox 900 2289 1014 2347; x_wconf 89' lang='lat' dir='ltr'><strong>erit</strong></span> <span class='ocrx_word' id='word_1_201' title='bbox 1069 2309 1139 2348; x_wconf 83' lang='lat' dir='ltr'><strong>ex</strong></span> <span class='ocrx_word' id='word_1_202' title='bbox 1192 2309 1311 2348; x_wconf 90' lang='lat' dir='ltr'><strong>una</strong></span> <span class='ocrx_word' id='word_1_203' title='bbox 1365 2292 1553 2366; x_wconf 81' lang='lat' dir='ltr'><strong>parte,</strong></span> <span class='ocrx_word' id='word_1_204' title='bbox 1608 2312 1727 2367; x_wconf 89' lang='lat' dir='ltr'><strong>qua</strong></span> <span class='ocrx_word' id='word_1_205' title='bbox 1773 2293 1887 2351; x_wconf 90' lang='lat' dir='ltr'><strong>erit</strong></span> <span class='ocrx_word' id='word_1_206' title='bbox 1934 2294 2115 2352; x_wconf 90' lang='lat' dir='ltr'><strong>altior</strong></span> <span class='ocrx_word' id='word_1_207' title='bbox 2158 2313 2278 2353; x_wconf 93' lang='lat' dir='ltr'><strong>non</strong></span> 
     </span>
     <span class='ocr_line' id='line_1_25' title="bbox 256 2377 2279 2457; baseline 0.003 -21"><span class='ocrx_word' id='word_1_208' title='bbox 256 2378 473 2438; x_wconf 89' lang='lat' dir='ltr'><strong>habere</strong></span> <span class='ocrx_word' id='word_1_209' title='bbox 516 2377 759 2454; x_wconf 86' lang='lat' dir='ltr'><strong>regulae</strong></span> <span class='ocrx_word' id='word_1_210' title='bbox 804 2378 1071 2438; x_wconf 84' lang='lat' dir='ltr'><strong>canalem</strong></span> <span class='ocrx_word' id='word_1_211' title='bbox 1112 2379 1179 2436; x_wconf 89' lang='lat' dir='ltr'><strong>in</strong></span> <span class='ocrx_word' id='word_1_212' title='bbox 1224 2380 1468 2438; x_wconf 87' lang='lat' dir='ltr'><strong>summis</strong></span> <span class='ocrx_word' id='word_1_213' title='bbox 1513 2379 1694 2440; x_wconf 82' lang='lat' dir='ltr'><strong>labris</strong></span> <span class='ocrx_word' id='word_1_214' title='bbox 1741 2401 1974 2457; x_wconf 89' lang='lat' dir='ltr'><strong>aquam.</strong></span> <span class='ocrx_word' id='word_1_215' title='bbox 2045 2401 2279 2442; x_wconf 88' lang='lat' dir='ltr'><strong>necesse</strong></span> 
     </span>
    </p>

    <p class='ocr_par' dir='ltr' id='par_1_12' title="bbox 164 2468 2280 2632">
     <span class='ocr_line' id='line_1_26' title="bbox 164 2468 2280 2543; baseline 0 -13"><span class='ocrx_word' id='word_1_216' title='bbox 164 2489 227 2530; x_wconf 80' lang='lat'><strong>25</strong></span> <span class='ocrx_word' id='word_1_217' title='bbox 259 2471 351 2528; x_wconf 83' lang='lat' dir='ltr'><strong>est</strong></span> <span class='ocrx_word' id='word_1_218' title='bbox 396 2468 552 2526; x_wconf 89' lang='lat' dir='ltr'><strong>enim</strong></span> <span class='ocrx_word' id='word_1_219' title='bbox 598 2485 967 2542; x_wconf 86' lang='lat' dir='ltr'><strong>quocumque</strong></span> <span class='ocrx_word' id='word_1_220' title='bbox 1012 2487 1169 2543; x_wconf 86' lang='lat' dir='ltr'><strong>aqua</strong></span> <span class='ocrx_word' id='word_1_221' title='bbox 1216 2469 1296 2526; x_wconf 88' lang='lat' dir='ltr'><strong>sit</strong></span> <span class='ocrx_word' id='word_1_222' title='bbox 1340 2469 1537 2528; x_wconf 82' lang='lat' dir='ltr'><strong>infusa</strong></span> <span class='ocrx_word' id='word_1_223' title='bbox 1582 2471 1645 2528; x_wconf 89' lang='lat' dir='ltr'><strong>in</strong></span> <span class='ocrx_word' id='word_1_224' title='bbox 1681 2471 1874 2530; x_wconf 85' lang='lat' dir='ltr'><strong>medio</strong></span> <span class='ocrx_word' id='word_1_225' title='bbox 1911 2471 2280 2532; x_wconf 88' lang='lat' dir='ltr'><strong>inflationem</strong></span> 
     </span>
     <span class='ocr_line' id='line_1_27' title="bbox 258 2556 2280 2632; baseline 0.002 -16"><span class='ocrx_word' id='word_1_226' title='bbox 258 2559 755 2631; x_wconf 83' lang='lat' dir='ltr'><strong>curvaturamque</strong></span> <span class='ocrx_word' id='word_1_227' title='bbox 800 2556 1040 2631; x_wconf 85' lang='lat' dir='ltr'><strong>habere,</strong></span> <span class='ocrx_word' id='word_1_228' title='bbox 1086 2556 1190 2615; x_wconf 85' lang='lat' dir='ltr'><strong>sed</strong></span> <span class='ocrx_word' id='word_1_229' title='bbox 1236 2557 1434 2632; x_wconf 87' lang='lat' dir='ltr'><strong>capita</strong></span> <span class='ocrx_word' id='word_1_230' title='bbox 1479 2558 1686 2616; x_wconf 82' lang='lat' dir='ltr'><strong>dextra</strong></span> <span class='ocrx_word' id='word_1_231' title='bbox 1725 2577 1792 2616; x_wconf 90' lang='grc'><strong>66</strong></span> <span class='ocrx_word' id='word_1_232' title='bbox 1839 2561 2078 2618; x_wconf 85' lang='lat' dir='ltr'><strong>sinistra</strong></span> <span class='ocrx_word' id='word_1_233' title='bbox 2099 2574 2101 2576; x_wconf 76' lang='grc'><strong>’</strong></span> <span class='ocrx_word' id='word_1_234' title='bbox 2122 2562 2280 2620; x_wconf 89' lang='lat' dir='ltr'><strong>inter</strong></span> 
     </span>
    </p>
   </div>
   <div class='ocr_carea' id='block_1_3' title="bbox 255 2659 684 2670">
    <p class='ocr_par' dir='ltr' id='par_1_13' title="bbox 255 2659 684 2670">
     <span class='ocr_line' id='line_1_28' title="bbox 255 2659 684 2670; baseline 0 1257"><span class='ocrx_word' id='word_1_235' title='bbox 255 2659 684 2670; x_wconf 95' lang='lat' dir='ltr'><strong> </strong></span> 
     </span>
    </p>
   </div>
   <div class='ocr_carea' id='block_1_4' title="bbox 252 2688 2279 3543">
    <p class='ocr_par' dir='ltr' id='par_1_14' title="bbox 404 2688 2223 2814">
     <span class='ocr_line' id='line_1_29' title="bbox 404 2688 2223 2814; baseline 0.002 -70"><span class='ocrx_word' id='word_1_236' title='bbox 404 2697 432 2744; x_wconf 90' lang='lat'>1</span> <span class='ocrx_word' id='word_1_237' title='bbox 479 2689 773 2758; x_wconf 88' lang='lat' dir='ltr'><strong>librequae</strong></span> <span class='ocrx_word' id='word_1_238' title='bbox 810 2689 900 2758; x_wconf 92' lang='lat' dir='ltr'><strong>H,</strong></span> <span class='ocrx_word' id='word_1_239' title='bbox 951 2688 1097 2762; x_wconf 71' lang='lat' dir='ltr'><strong>libre</strong></span> <span class='ocrx_word' id='word_1_240' title='bbox 1146 2690 1274 2814; x_wconf 62' lang='grc' dir='ltr'><strong>131Πῆ</strong></span> <span class='ocrx_word' id='word_1_241' title='bbox 1318 2691 1371 2746; x_wconf 83' lang='lat' dir='ltr'><strong>Cr&#39;</strong></span> <span class='ocrx_word' id='word_1_242' title='bbox 1416 2691 1527 2761; x_wconf 77' lang='lat' dir='ltr'><strong>(sed</strong></span> <span class='ocrx_word' id='word_1_243' title='bbox 1567 2691 1640 2746; x_wconf 56' lang='grc' dir='ltr'><strong>ΘΟ</strong></span> <span class='ocrx_word' id='word_1_244' title='bbox 1681 2708 1854 2760; x_wconf 78' lang='lat' dir='ltr'><strong>supra</strong></span> <span class='ocrx_word' id='word_1_245' title='bbox 1899 2711 1954 2760; x_wconf 87' lang='lat' dir='ltr'><strong>q,</strong></span> <span class='ocrx_word' id='word_1_246' title='bbox 1982 2719 2049 2738; x_wconf 89' lang='lat'>=</span> <span class='ocrx_word' id='word_1_247' title='bbox 2079 2697 2223 2762; x_wconf 88' lang='lat' dir='ltr'><strong>que).</strong></span> 
     </span>
    </p>

    <p class='ocr_par' dir='ltr' id='par_1_15' title="bbox 258 2759 2220 2834">
     <span class='ocr_line' id='line_1_30' title="bbox 258 2759 2220 2834; baseline 0 -16"><span class='ocrx_word' id='word_1_248' title='bbox 258 2771 291 2817; x_wconf 80' lang='lat'>2</span> <span class='ocrx_word' id='word_1_249' title='bbox 328 2760 535 2832; x_wconf 86' lang='lat' dir='ltr'><strong>viginti</strong></span> <span class='ocrx_word' id='word_1_250' title='bbox 571 2762 657 2815; x_wconf 85' lang='lat' dir='ltr'><strong>H:</strong></span> <span class='ocrx_word' id='word_1_251' title='bbox 694 2779 767 2813; x_wconf 83' lang='lat' dir='ltr'><strong>xx</strong></span> <span class='ocrx_word' id='word_1_252' title='bbox 804 2761 871 2816; x_wconf 80' lang='lat' dir='ltr'><strong>G.</strong></span> <span class='ocrx_word' id='word_1_253' title='bbox 926 2762 945 2830; x_wconf 93' lang='grc' dir='ltr'><strong>ΙΙ</strong></span> <span class='ocrx_word' id='word_1_254' title='bbox 1000 2765 1031 2813; x_wconf 88' lang='lat'><strong>3</strong></span> <span class='ocrx_word' id='word_1_255' title='bbox 1071 2759 1297 2829; x_wconf 85' lang='lat' dir='ltr'><strong>aequai</strong></span> <span class='ocrx_word' id='word_1_256' title='bbox 1334 2762 1500 2815; x_wconf 87' lang='lat' dir='ltr'><strong>modo</strong></span> <span class='ocrx_word' id='word_1_257' title='bbox 1539 2761 1624 2815; x_wconf 68' lang='lat' dir='ltr'><strong>Hx</strong></span> <span class='ocrx_word' id='word_1_258' title='bbox 1661 2761 1914 2829; x_wconf 85' lang='lat' dir='ltr'><strong>aequalis</strong></span> <span class='ocrx_word' id='word_1_259' title='bbox 1939 2762 1946 2834; x_wconf 94' lang='grc' dir='ltr'>Ι</span> <span class='ocrx_word' id='word_1_260' title='bbox 1969 2763 2123 2817; x_wconf 90' lang='lat' dir='ltr'><strong>modi</strong></span> <span class='ocrx_word' id='word_1_261' title='bbox 2155 2765 2220 2818; x_wconf 75' lang='lat' dir='ltr'><strong>G.</strong></span> 
     </span>
    </p>

    <p class='ocr_par' dir='ltr' id='par_1_16' title="bbox 252 2832 2279 3543">
     <span class='ocr_line' id='line_1_31' title="bbox 256 2832 2276 2903; baseline 0 -15"><span class='ocrx_word' id='word_1_262' title='bbox 256 2841 294 2888; x_wconf 85' lang='lat'>4</span> <span class='ocrx_word' id='word_1_263' title='bbox 332 2833 756 2902; x_wconf 81' lang='lat' dir='ltr'><strong>coagmentatus</strong></span> <span class='ocrx_word' id='word_1_264' title='bbox 794 2832 872 2886; x_wconf 88' lang='lat' dir='ltr'><strong>H.</strong></span> <span class='ocrx_word' id='word_1_265' title='bbox 900 2833 920 2901; x_wconf 90' lang='grc' dir='ltr'><strong>ΙΙ</strong></span> <span class='ocrx_word' id='word_1_266' title='bbox 948 2837 979 2885; x_wconf 84' lang='grc'>5</span> <span class='ocrx_word' id='word_1_267' title='bbox 1019 2834 1293 2901; x_wconf 84' lang='lat' dir='ltr'><strong>conpacta.</strong></span> <span class='ocrx_word' id='word_1_268' title='bbox 1324 2833 1401 2886; x_wconf 77' lang='lat' dir='ltr'><strong>G:</strong></span> <span class='ocrx_word' id='word_1_269' title='bbox 1439 2834 1744 2901; x_wconf 83' lang='lat' dir='ltr'><strong>conpactat</strong></span> <span class='ocrx_word' id='word_1_270' title='bbox 1773 2833 1849 2887; x_wconf 90' lang='lat' dir='ltr'><strong>H.</strong></span> <span class='ocrx_word' id='word_1_271' title='bbox 1878 2834 1897 2902; x_wconf 89' lang='grc' dir='ltr'><strong>ΙΙ</strong></span> <span class='ocrx_word' id='word_1_272' title='bbox 1927 2839 1956 2886; x_wconf 84' lang='grc'><strong>7</strong></span> <span class='ocrx_word' id='word_1_273' title='bbox 1994 2833 2276 2903; x_wconf 84' lang='lat' dir='ltr'><strong>partibus:</strong></span> 
     </span>
     <span class='ocr_line' id='line_1_32' title="bbox 254 2901 2278 2974; baseline 0 -14"><span class='ocrx_word' id='word_1_274' title='bbox 254 2907 383 2974; x_wconf 78' lang='lat' dir='ltr'><strong>fort.</strong></span> <span class='ocrx_word' id='word_1_275' title='bbox 424 2906 457 2959; x_wconf 88' lang='lat' dir='ltr'><strong>l.</strong></span> <span class='ocrx_word' id='word_1_276' title='bbox 495 2901 750 2972; x_wconf 86' lang='lat' dir='ltr'><strong>pedibus.</strong></span> <span class='ocrx_word' id='word_1_277' title='bbox 780 2904 799 2972; x_wconf 92' lang='grc' dir='ltr'><strong>ΙΙ</strong></span> <span class='ocrx_word' id='word_1_278' title='bbox 826 2908 859 2956; x_wconf 90' lang='lat'>8</span> <span class='ocrx_word' id='word_1_279' title='bbox 898 2919 1111 2970; x_wconf 85' lang='lat' dir='ltr'><strong>eaquae</strong></span> <span class='ocrx_word' id='word_1_280' title='bbox 1148 2905 1238 2973; x_wconf 88' lang='lat' dir='ltr'><strong>(ea</strong></span> <span class='ocrx_word' id='word_1_281' title='bbox 1274 2921 1383 2973; x_wconf 69' lang='lat' dir='ltr'><strong>que</strong></span> <span class='ocrx_word' id='word_1_282' title='bbox 1416 2904 1489 2972; x_wconf 74' lang='lat' dir='ltr'><strong>G)</strong></span> <span class='ocrx_word' id='word_1_283' title='bbox 1524 2904 1830 2972; x_wconf 83' lang='lat' dir='ltr'><strong>tangentur</strong></span> <span class='ocrx_word' id='word_1_284' title='bbox 1865 2921 1920 2958; x_wconf 72' lang='grc' dir='ltr'><strong>ω.</strong></span> <span class='ocrx_word' id='word_1_285' title='bbox 1953 2905 1965 2974; x_wconf 92' lang='grc' dir='ltr'>Ι</span> <span class='ocrx_word' id='word_1_286' title='bbox 1996 2921 2173 2974; x_wconf 86' lang='lat' dir='ltr'><strong>aeque</strong></span> <span class='ocrx_word' id='word_1_287' title='bbox 2211 2923 2278 2960; x_wconf 89' lang='lat' dir='ltr'><strong>ac</strong></span> 
     </span>
     <span class='ocr_line' id='line_1_33' title="bbox 252 2972 2276 3047; baseline 0.001 -17"><span class='ocrx_word' id='word_1_288' title='bbox 252 2974 469 3046; x_wconf 89' lang='lat' dir='ltr'><strong>pariter</strong></span> <span class='ocrx_word' id='word_1_289' title='bbox 504 2973 540 3028; x_wconf 92' lang='grc'><strong>1.</strong></span> <span class='ocrx_word' id='word_1_290' title='bbox 572 2973 659 3028; x_wconf 84' lang='lat' dir='ltr'><strong>H:</strong></span> <span class='ocrx_word' id='word_1_291' title='bbox 698 2991 840 3046; x_wconf 70' lang='lat' dir='ltr'><strong>eque</strong></span> <span class='ocrx_word' id='word_1_292' title='bbox 879 2975 1042 3047; x_wconf 74' lang='lat' dir='ltr'><strong>(eque</strong></span> <span class='ocrx_word' id='word_1_293' title='bbox 1073 2975 1167 3044; x_wconf 65' lang='lat'><strong>6³⁰)</strong></span> <span class='ocrx_word' id='word_1_294' title='bbox 1202 2973 1418 3043; x_wconf 88' lang='lat' dir='ltr'><strong>pariter</strong></span> <span class='ocrx_word' id='word_1_295' title='bbox 1454 2989 1521 3027; x_wconf 86' lang='lat' dir='ltr'><strong>ac</strong></span> <span class='ocrx_word' id='word_1_296' title='bbox 1557 2972 1593 3026; x_wconf 92' lang='lat' dir='ltr'><strong>l.</strong></span> <span class='ocrx_word' id='word_1_297' title='bbox 1636 2974 1704 3029; x_wconf 71' lang='lat' dir='ltr'><strong>G.</strong></span> <span class='ocrx_word' id='word_1_298' title='bbox 1748 2976 1768 3044; x_wconf 91' lang='grc' dir='ltr'><strong>ΙΙ</strong></span> <span class='ocrx_word' id='word_1_299' title='bbox 1815 2979 1846 3026; x_wconf 89' lang='grc'><strong>9</strong></span> <span class='ocrx_word' id='word_1_300' title='bbox 1885 2975 2276 3045; x_wconf 85' lang='lat' dir='ltr'><strong>descriptionis</strong></span> 
     </span>
     <span class='ocr_line' id='line_1_34' title="bbox 258 3043 2276 3119; baseline -0.001 -16"><span class='ocrx_word' id='word_1_301' title='bbox 258 3047 337 3103; x_wconf 72' lang='lat' dir='ltr'><strong>G:</strong></span> <span class='ocrx_word' id='word_1_302' title='bbox 375 3062 497 3100; x_wconf 86' lang='grc'><strong>-1168</strong></span> <span class='ocrx_word' id='word_1_303' title='bbox 525 3046 604 3101; x_wconf 88' lang='lat' dir='ltr'><strong>H.</strong></span> <span class='ocrx_word' id='word_1_304' title='bbox 640 3046 661 3114; x_wconf 91' lang='grc' dir='ltr'><strong>ΙΙ</strong></span> <span class='ocrx_word' id='word_1_305' title='bbox 699 3050 765 3098; x_wconf 79' lang='grc'><strong>12</strong></span> <span class='ocrx_word' id='word_1_306' title='bbox 802 3063 861 3101; x_wconf 85' lang='lat' dir='ltr'><strong>v:</strong></span> <span class='ocrx_word' id='word_1_307' title='bbox 897 3047 979 3100; x_wconf 82' lang='lat' dir='ltr'><strong>sic</strong></span> <span class='ocrx_word' id='word_1_308' title='bbox 1012 3063 1067 3100; x_wconf 78' lang='lat' dir='ltr'><strong>x.</strong></span> <span class='ocrx_word' id='word_1_309' title='bbox 1109 3046 1129 3114; x_wconf 88' lang='grc' dir='ltr'><strong>ΙΙ</strong></span> <span class='ocrx_word' id='word_1_310' title='bbox 1171 3050 1238 3097; x_wconf 82' lang='lat'><strong>14</strong></span> <span class='ocrx_word' id='word_1_311' title='bbox 1276 3043 1425 3098; x_wconf 89' lang='lat' dir='ltr'><strong>libra</strong></span> <span class='ocrx_word' id='word_1_312' title='bbox 1458 3062 1512 3099; x_wconf 79' lang='lat' dir='ltr'><strong>x.</strong></span> <span class='ocrx_word' id='word_1_313' title='bbox 1547 3043 1556 3115; x_wconf 94' lang='grc' dir='ltr'>Ι</span> <span class='ocrx_word' id='word_1_314' title='bbox 1589 3043 1674 3098; x_wconf 87' lang='lat' dir='ltr'><strong>ita</strong></span> <span class='ocrx_word' id='word_1_315' title='bbox 1707 3063 1762 3099; x_wconf 77' lang='grc' dir='ltr'><strong>ω.</strong></span> <span class='ocrx_word' id='word_1_316' title='bbox 1792 3046 1812 3115; x_wconf 93' lang='grc' dir='ltr'><strong>ΙΙ</strong></span> <span class='ocrx_word' id='word_1_317' title='bbox 1841 3051 1906 3100; x_wconf 89' lang='grc'><strong>18</strong></span> <span class='ocrx_word' id='word_1_318' title='bbox 1943 3047 2276 3119; x_wconf 82' lang='lat' dir='ltr'><strong>phaeroides</strong></span> 
     </span>
     <span class='ocr_line' id='line_1_35' title="bbox 254 3115 2271 3191; baseline 0.001 -19"><span class='ocrx_word' id='word_1_319' title='bbox 254 3116 575 3189; x_wconf 83' lang='lat' dir='ltr'><strong>(pheroides</strong></span> <span class='ocrx_word' id='word_1_320' title='bbox 606 3116 681 3181; x_wconf 73' lang='lat' dir='ltr'><strong>G.)</strong></span> <span class='ocrx_word' id='word_1_321' title='bbox 707 3133 748 3171; x_wconf 75' lang='lat' dir='ltr'><strong><em>x</em></strong></span> <span class='ocrx_word' id='word_1_322' title='bbox 773 3117 888 3186; x_wconf 79' lang='lat' dir='ltr'><strong>(sed</strong></span> <span class='ocrx_word' id='word_1_323' title='bbox 914 3116 989 3169; x_wconf 79' lang='lat' dir='ltr'><strong>G⁶</strong></span> <span class='ocrx_word' id='word_1_324' title='bbox 1024 3115 1347 3185; x_wconf 87' lang='lat' dir='ltr'><strong>spheroides</strong></span> <span class='ocrx_word' id='word_1_325' title='bbox 1375 3121 1426 3170; x_wconf 78' lang='lat' dir='ltr'><strong>et</strong></span> <span class='ocrx_word' id='word_1_326' title='bbox 1452 3117 1609 3183; x_wconf 77' lang='lat' dir='ltr'><strong>infra</strong></span> <span class='ocrx_word' id='word_1_327' title='bbox 1633 3133 1682 3170; x_wconf 82' lang='lat' dir='ltr'><strong>v.</strong></span> <span class='ocrx_word' id='word_1_328' title='bbox 1712 3120 1784 3170; x_wconf 86' lang='lat'><strong>13</strong></span> <span class='ocrx_word' id='word_1_329' title='bbox 1811 3117 2135 3187; x_wconf 82' lang='lat' dir='ltr'><strong>spheroides</strong></span> <span class='ocrx_word' id='word_1_330' title='bbox 2163 3121 2238 3187; x_wconf 81' lang='lat' dir='ltr'><strong>x).</strong></span> <span class='ocrx_word' id='word_1_331' title='bbox 2264 3119 2271 3191; x_wconf 98' lang='grc' dir='ltr'>Ι</span> 
     </span>
     <span class='ocr_line' id='line_1_36' title="bbox 254 3185 2278 3262; baseline 0.001 -19"><span class='ocrx_word' id='word_1_332' title='bbox 254 3189 466 3243; x_wconf 84' lang='lat' dir='ltr'><strong>habere</strong></span> <span class='ocrx_word' id='word_1_333' title='bbox 503 3188 591 3242; x_wconf 86' lang='lat' dir='ltr'><strong>H:</strong></span> <span class='ocrx_word' id='word_1_334' title='bbox 647 3186 846 3241; x_wconf 87' lang='lat' dir='ltr'><strong>haberi</strong></span> <span class='ocrx_word' id='word_1_335' title='bbox 893 3187 962 3242; x_wconf 72' lang='lat' dir='ltr'><strong>G.</strong></span> <span class='ocrx_word' id='word_1_336' title='bbox 1026 3189 1045 3256; x_wconf 90' lang='grc' dir='ltr'><strong>ΙΙ</strong></span> <span class='ocrx_word' id='word_1_337' title='bbox 1110 3191 1177 3239; x_wconf 85' lang='grc'><strong>19</strong></span> <span class='ocrx_word' id='word_1_338' title='bbox 1232 3185 1460 3240; x_wconf 85' lang='lat' dir='ltr'><strong>schema</strong></span> <span class='ocrx_word' id='word_1_339' title='bbox 1514 3189 1720 3257; x_wconf 85' lang='lat' dir='ltr'><strong>(scema</strong></span> <span class='ocrx_word' id='word_1_340' title='bbox 1759 3189 1832 3258; x_wconf 72' lang='lat' dir='ltr'><strong>G)</strong></span> <span class='ocrx_word' id='word_1_341' title='bbox 1887 3189 1989 3242; x_wconf 85' lang='lat' dir='ltr'><strong>sed</strong></span> <span class='ocrx_word' id='word_1_342' title='bbox 2041 3188 2123 3243; x_wconf 92' lang='lat' dir='ltr'><strong>ibi</strong></span> <span class='ocrx_word' id='word_1_343' title='bbox 2167 3207 2222 3246; x_wconf 77' lang='lat' dir='ltr'><strong>x.</strong></span> <span class='ocrx_word' id='word_1_344' title='bbox 2257 3189 2278 3262; x_wconf 92' lang='grc' dir='ltr'><strong>ΙΙ</strong></span> 
     </span>
     <span class='ocr_line' id='line_1_37' title="bbox 255 3257 2274 3327; baseline 0.001 -13"><span class='ocrx_word' id='word_1_345' title='bbox 255 3266 323 3314; x_wconf 81' lang='lat'><strong>21</strong></span> <span class='ocrx_word' id='word_1_346' title='bbox 360 3273 589 3314; x_wconf 83' lang='lat' dir='ltr'><strong>necesse</strong></span> <span class='ocrx_word' id='word_1_347' title='bbox 627 3261 714 3312; x_wconf 82' lang='lat' dir='ltr'><strong>est</strong></span> <span class='ocrx_word' id='word_1_348' title='bbox 748 3260 997 3312; x_wconf 84' lang='lat' dir='ltr'><strong>extrema</strong></span> <span class='ocrx_word' id='word_1_349' title='bbox 1032 3275 1087 3312; x_wconf 76' lang='grc' dir='ltr'><strong>ω.</strong></span> <span class='ocrx_word' id='word_1_350' title='bbox 1136 3258 1145 3327; x_wconf 88' lang='grc' dir='ltr'>Ι</span> <span class='ocrx_word' id='word_1_351' title='bbox 1190 3257 1391 3311; x_wconf 85' lang='lat' dir='ltr'><strong>dextra</strong></span> <span class='ocrx_word' id='word_1_352' title='bbox 1427 3274 1494 3311; x_wconf 84' lang='lat' dir='ltr'><strong>ac</strong></span> <span class='ocrx_word' id='word_1_353' title='bbox 1531 3257 1922 3326; x_wconf 58' lang='grc'><strong>811118116611111</strong></span> <span class='ocrx_word' id='word_1_354' title='bbox 1957 3258 2169 3314; x_wconf 88' lang='lat' dir='ltr'><strong>librata</strong></span> <span class='ocrx_word' id='word_1_355' title='bbox 2199 3261 2274 3316; x_wconf 82' lang='lat' dir='ltr'><strong>G&#39;:</strong></span> 
     </span>
     <span class='ocr_line' id='line_1_38' title="bbox 255 3327 2277 3401; baseline -0 -15"><span class='ocrx_word' id='word_1_356' title='bbox 255 3348 356 3386; x_wconf 86' lang='lat' dir='ltr'><strong>om.</strong></span> <span class='ocrx_word' id='word_1_357' title='bbox 393 3330 483 3398; x_wconf 91' lang='lat' dir='ltr'><strong>H,</strong></span> <span class='ocrx_word' id='word_1_358' title='bbox 524 3329 625 3384; x_wconf 75' lang='lat' dir='ltr'><strong>ubi</strong></span> <span class='ocrx_word' id='word_1_359' title='bbox 666 3331 746 3384; x_wconf 78' lang='lat' dir='ltr'><strong>sic</strong></span> <span class='ocrx_word' id='word_1_360' title='bbox 792 3331 1041 3383; x_wconf 85' lang='lat' dir='ltr'><strong>extrema</strong></span> <span class='ocrx_word' id='word_1_361' title='bbox 1082 3327 1275 3398; x_wconf 89' lang='lat' dir='ltr'><strong>capita</strong></span> <span class='ocrx_word' id='word_1_362' title='bbox 1309 3327 1509 3398; x_wconf 90' lang='lat' dir='ltr'><strong>regula</strong></span> <span class='ocrx_word' id='word_1_363' title='bbox 1545 3328 1668 3385; x_wconf 89' lang='lat' dir='ltr'><strong>erit.</strong></span> <span class='ocrx_word' id='word_1_364' title='bbox 1723 3332 1742 3398; x_wconf 87' lang='grc' dir='ltr'><strong>ΙΙ</strong></span> <span class='ocrx_word' id='word_1_365' title='bbox 1795 3336 1862 3383; x_wconf 82' lang='lat'><strong>23</strong></span> <span class='ocrx_word' id='word_1_366' title='bbox 1900 3331 2277 3401; x_wconf 88' lang='lat' dir='ltr'><strong>proclinatum</strong></span> 
     </span>
     <span class='ocr_line' id='line_1_39' title="bbox 255 3399 2279 3476; baseline 0.001 -20"><span class='ocrx_word' id='word_1_367' title='bbox 255 3403 365 3472; x_wconf 51' lang='lat' dir='ltr'><strong>(Aa-1</strong></span> <span class='ocrx_word' id='word_1_368' title='bbox 396 3402 466 3471; x_wconf 75' lang='lat' dir='ltr'><strong>G)</strong></span> <span class='ocrx_word' id='word_1_369' title='bbox 494 3417 550 3455; x_wconf 74' lang='lat' dir='ltr'><strong>x.</strong></span> <span class='ocrx_word' id='word_1_370' title='bbox 592 3402 601 3469; x_wconf 91' lang='grc' dir='ltr'>Ι</span> <span class='ocrx_word' id='word_1_371' title='bbox 641 3416 787 3468; x_wconf 89' lang='lat' dir='ltr'><strong>quae</strong></span> <span class='ocrx_word' id='word_1_372' title='bbox 824 3400 933 3454; x_wconf 87' lang='lat' dir='ltr'><strong>erit</strong></span> <span class='ocrx_word' id='word_1_373' title='bbox 968 3399 1139 3454; x_wconf 88' lang='lat' dir='ltr'><strong>altior</strong></span> <span class='ocrx_word' id='word_1_374' title='bbox 1172 3415 1286 3453; x_wconf 87' lang='lat' dir='ltr'><strong>non</strong></span> <span class='ocrx_word' id='word_1_375' title='bbox 1321 3400 1588 3454; x_wconf 85' lang='lat' dir='ltr'><strong>habuerit</strong></span> <span class='ocrx_word' id='word_1_376' title='bbox 1621 3400 1850 3470; x_wconf 89' lang='lat' dir='ltr'><strong>regulae</strong></span> <span class='ocrx_word' id='word_1_377' title='bbox 1889 3401 2143 3456; x_wconf 87' lang='lat' dir='ltr'><strong>canalem</strong></span> <span class='ocrx_word' id='word_1_378' title='bbox 2175 3421 2228 3458; x_wconf 77' lang='lat' dir='ltr'><strong>x.</strong></span> <span class='ocrx_word' id='word_1_379' title='bbox 2257 3403 2279 3476; x_wconf 93' lang='grc' dir='ltr'><strong>ΙΙ</strong></span> 
     </span>
     <span class='ocr_line' id='line_1_40' title="bbox 254 3470 2278 3543; baseline 0.001 -17"><span class='ocrx_word' id='word_1_380' title='bbox 254 3478 329 3526; x_wconf 80' lang='lat'><strong>24</strong></span> <span class='ocrx_word' id='word_1_381' title='bbox 365 3471 927 3543; x_wconf 67' lang='grc' dir='ltr'><strong>61111616.11666886Ιό</strong></span> <span class='ocrx_word' id='word_1_382' title='bbox 965 3470 1115 3524; x_wconf 88' lang='lat' dir='ltr'><strong>enim</strong></span> <span class='ocrx_word' id='word_1_383' title='bbox 1156 3471 1231 3525; x_wconf 75' lang='lat' dir='ltr'><strong>G:</strong></span> <span class='ocrx_word' id='word_1_384' title='bbox 1278 3487 1487 3541; x_wconf 85' lang='lat' dir='ltr'><strong>aquam</strong></span> <span class='ocrx_word' id='word_1_385' title='bbox 1530 3487 1764 3526; x_wconf 83' lang='lat' dir='ltr'><strong>nenesse</strong></span> <span class='ocrx_word' id='word_1_386' title='bbox 1808 3474 1931 3542; x_wconf 73' lang='lat' dir='ltr'><strong>(sic,</strong></span> <span class='ocrx_word' id='word_1_387' title='bbox 1974 3475 2122 3530; x_wconf 81' lang='lat' dir='ltr'><strong>unde</strong></span> <span class='ocrx_word' id='word_1_388' title='bbox 2165 3491 2278 3528; x_wconf 88' lang='lat' dir='ltr'><strong>non</strong></span> 
     </span>
    </p>
   </div>
   <div class='ocr_carea' id='block_1_5' title="bbox 254 3541 1238 3613">
    <p class='ocr_par' dir='ltr' id='par_1_17' title="bbox 254 3541 1238 3613">
     <span class='ocr_line' id='line_1_41' title="bbox 254 3541 1238 3613; baseline -0.005 -14"><span class='ocrx_word' id='word_1_389' title='bbox 254 3561 379 3599; x_wconf 86' lang='lat' dir='ltr'><strong>esse</strong></span> <span class='ocrx_word' id='word_1_390' title='bbox 413 3547 494 3600; x_wconf 79' lang='lat' dir='ltr'><strong>vel</strong></span> <span class='ocrx_word' id='word_1_391' title='bbox 528 3549 601 3598; x_wconf 77' lang='lat' dir='ltr'><strong>e—e</strong></span> <span class='ocrx_word' id='word_1_392' title='bbox 627 3542 777 3613; x_wconf 88' lang='lat' dir='ltr'><em>PL).</em></span> <span class='ocrx_word' id='word_1_393' title='bbox 853 3544 941 3596; x_wconf 85' lang='lat' dir='ltr'><strong>est</strong></span> <span class='ocrx_word' id='word_1_394' title='bbox 974 3541 1122 3596; x_wconf 89' lang='lat' dir='ltr'><strong>enim</strong></span> <span class='ocrx_word' id='word_1_395' title='bbox 1161 3542 1238 3599; x_wconf 88' lang='lat' dir='ltr'><strong>H.</strong></span> 
     </span>
    </p>
   </div>
  </div>
 </body>
</html>
