2664 3927
288 178 419 242 244
1131 173 1458 229 VITRUVH

289 330 496 388 chinae
543 326 999 405 comparandae,
1057 323 1439 402 amplioribus
1486 325 1788 401 tignorum
1833 324 2301 402 longitudinibus

290 421 349 477 et
386 416 869 477 crassitudinibus
907 415 1022 474 erit
1055 414 1343 473 utendum
1380 416 1441 471 et
1475 414 1681 472 eadem
1716 413 1947 472 ratione
1982 415 2046 471 in
2074 432 2303 472 summo

288 506 753 580 fibulationibus,
787 506 852 562 in
887 505 1006 563 imo
1036 504 1376 563 sucularum
1402 501 1832 563 versationibus
1861 501 2303 578 expediendum.

287 597 380 654 his
428 595 734 672 explicatis
785 593 1006 652 antarii
1046 587 1054 671 Ι
1094 593 1263 650 funes
1312 593 1449 650 ante
1486 592 1606 649 laxi
1645 592 2040 665 conlocentur,
2083 592 2302 659 retine-ff
2324 601 2388 653 (⁵)

291 685 426 744 cula
473 702 651 759 super
687 681 958 758 scapulas
995 679 1302 739 machinae
1338 679 1514 756 longe
1550 680 1957 756 disponantur,
2004 682 2064 738 et
2099 682 2152 739 si
2186 699 2305 739 non
2333 699 2359 740 5

291 775 405 832 erit
457 772 560 830 ubi
603 771 957 848 religentur,
1009 769 1136 844 pali
1180 770 1514 844 resupinati
1558 767 1937 827 defodiantur
1981 772 2042 828 et
2087 770 2306 828 circum

292 860 685 921 festucatione
739 858 1093 932 solidentur,
1148 876 1265 932 quo
1319 857 1489 916 funes
1544 857 1882 935 alligentur.
1973 859 2197 917 troclea
2241 858 2304 915 in

291 968 518 1010 summo
557 949 751 1024 capite
789 947 1094 1006 machinae
1130 945 1367 1004 rudenti
1404 947 1796 1021 contineatur,
1833 950 1894 1005 et
1930 965 1999 1004 ex
2038 966 2105 1007 eo
2142 948 2303 1007 funis

291 1039 647 1115 perducatur
701 1037 778 1096 ad
832 1037 1036 1112 palum
1091 1038 1152 1094 et
1206 1054 1356 1110 quae
1397 1030 1405 1114 Ι
1447 1038 1539 1094 est
1588 1035 1654 1093 in
1707 1037 1847 1110 palo
1901 1037 2126 1095 troclea
2170 1036 2304 1094 inli-
2328 1045 2419 1098 (10)

291 1130 448 1204 gata.
539 1127 693 1185 circa
750 1127 878 1184 eius
926 1124 1254 1183 orbiculum
1297 1124 1457 1183 funis
1503 1123 1745 1182 indatur
1790 1127 1850 1183 et
1892 1126 2184 1184 referatur
2229 1126 2305 1184 ad
2336 1147 2389 1185 10

293 1235 424 1276 eam
466 1215 752 1275 trocleam
796 1233 950 1290 quae
996 1213 1111 1273 erit
1157 1213 1233 1271 ad
1277 1216 1457 1289 caput
1501 1213 1808 1272 machinae
1851 1214 2123 1292 religata.
2198 1215 2306 1272 cir·

293 1325 429 1364 cum
475 1307 675 1362 autem
721 1303 1048 1363 orbiculum
1095 1301 1167 1360 ab
1205 1319 1434 1361 summo
1471 1302 1754 1362 traiectus
1790 1303 1953 1362 funis
1990 1303 2308 1362 descendat

295 1397 356 1452 et
411 1393 615 1452 redeat
674 1392 768 1449 ad·
811 1393 1076 1451 suculam
1136 1408 1287 1466 quae
1348 1394 1438 1450 est
1493 1391 1559 1448 in
1611 1391 1733 1449 ima
1787 1391 2062 1451 machina
2104 1391 2307 1468 ibique

292 1482 618 1559 religetur..
648 1480 914 1540 vectibus
951 1483 1150 1538 autem
1186 1483 1391 1538 coacta
1418 1480 1627 1538 sucula
1652 1471 2005 1561 versalbitur
2032 1483 2093 1539 et
2120 1481 2310 1558 eriget
2328 1493 2421 1546 (15)

293 1591 400 1648 per
444 1590 506 1630 se
551 1569 885 1628 machinam
931 1569 1056 1627 sine
1100 1568 1380 1644 periculo.
1470 1569 1559 1626 ita
1604 1569 1758 1627 circa
1803 1568 2106 1645 dispositis
2151 1571 2306 1627 funi-
2338 1591 2391 1632 15

293 1659 402 1719 bus
467 1663 528 1718 et
588 1657 930 1717 retinaculis
993 1657 1057 1715 in
1118 1657 1273 1732 palis
1336 1657 1715 1716 haerentibus
1785 1659 2069 1734 ampliore
2131 1659 2307 1717 modo

294 1749 567 1807 machina
613 1746 1032 1806 conlocabitur.
1103 1746 1359 1805 trocleae
1406 1749 1466 1805 et
1502 1745 1759 1805 ductarii
1792 1747 1963 1806 funes
1998 1746 2091 1805 uti
2126 1765 2310 1823 supra

297 1838 580 1912 scriptum
627 1839 716 1895 est
761 1834 1164 1910 expediuntur.

431 1924 536 1984 Sin
587 1928 790 1984 autem
842 1924 1256 1985 colossicotera
1310 1922 1802 2001 amplitudinibus
1850 1927 1910 1983 et
1952 1924 2310 2001 ponderibus

301 2006 513 2096 {onera
547 2014 612 2071 in
651 2013 921 2089 operibus
957 2014 1198 2089 fuerint,
1232 2031 1353 2072 non
1390 2014 1503 2071 erit
1538 2015 1774 2073 suculae
1804 2015 2311 2089 committendum,
2341 2037 2395 2075 20

298 2103 400 2163 sed
447 2100 939 2178 quemadmodum
985 2101 1189 2161 sucula
1235 2101 1516 2161 cheloniis
1562 2104 1869 2178 retinetur,
1913 2103 2000 2161 ita
2046 2102 2173 2162 axis
2218 2104 2311 2161 in-

300 2189 572 2250 cludatur
613 2190 832 2249 habens
879 2191 942 2248 in
986 2189 1180 2250 medio
1225 2194 1578 2267 tympanum
1624 2193 1912 2269 amplum,
1961 2193 2119 2267 quod
2163 2211 2306 2250 non-

299 2279 451 2339 nulli
502 2281 696 2337 rotam
751 2278 1083 2355 appellant,
1138 2277 1349 2338 Graeci
1404 2282 1603 2339 autem
1654 2296 1944 2355 αμφιεειν
1990 2280 2094 2339 alii
2140 2297 2311 2354 περι-

302 2372 518 2442 θηκιον
563 2370 792 2427 vocant.
865 2368 929 2425 in
971 2368 1064 2426 his
1103 2370 1303 2426 autem
1338 2368 1625 2427 machinis
1661 2372 1917 2429 trocleae
1952 2387 2071 2428 non
2108 2369 2315 2428 eodem

301 2457 404 2517 sed
449 2456 565 2515 alio
607 2451 615 2534 Ι
655 2455 829 2514 modo
875 2460 1309 2532 comparantur.
1400 2457 1620 2516 habent
1666 2460 1823 2516 enim
1868 2460 1927 2517 et
1974 2456 2039 2515 in
2083 2458 2201 2516 imo
2251 2462 2313 2517 et
2342 2481 2395 2521 25

301 2546 364 2604 in
409 2563 636 2604 summo
683 2544 945 2621 duplices
991 2545 1223 2605 ordines
1268 2546 1681 2605 orbiculorum.
1771 2547 1859 2605 ita
1902 2547 2060 2604 funis
2108 2546 2312 2605 ducta-

301 2634 423 2693 rius
476 2633 750 2693 traicitur
789 2629 798 2712 Ι
838 2634 902 2692 in
946 2634 1239 2694 inferioris
1284 2636 1541 2694 trocleae
1587 2636 1855 2694 foramen
1900 2635 1992 2693 uti
2036 2636 2314 2711 aequalia
2334 2645 2455 2703 248

444 2826 476 2874 2
512 2820 986 2891 grassitudinibus
1016 2821 1092 2875 H.
1124 2825 1133 2891 Ι
1165 2820 1435 2875 utendum
1471 2822 1505 2890 (.
1540 2821 1669 2889 GS)
1703 2821 1840 2876 eade
1868 2840 1923 2877 x.
1952 2824 1972 2892 ΙΙ
2000 2827 2031 2875 3
2059 2822 2311 2901 venatio-

301 2892 466 2946 nibus
493 2909 548 2947 ω.
582 2892 592 2963 Ι
624 2892 974 2946 succularum
1009 2894 1135 2962 (hic)
1164 2892 1250 2947 H:
1287 2894 1368 2947 sic
1398 2899 1450 2947 et
1476 2895 1606 2961 247,
1626 2898 1696 2947 13
1726 2893 1794 2947 H
1816 2896 1959 2962 (cum
1985 2895 2055 2961 P,
2082 2910 2194 2949 ‘non
2215 2895 2312 2962 L).

303 2964 430 3018 item
459 2963 512 3018 G
530 2980 590 3031 P·
621 2966 816 3030 272‚4.
855 2967 1090 3031 267,.10.
1129 2966 1361 3031 247,13.
1402 2962 1519 3033 Sp.
1549 2967 1679 3031 247,
1693 2968 1777 3019 14.
1807 2971 2091 3033 praeterea
2118 2964 2317 3018 sucula

302 3035 502 3103 ubique
527 3050 718 3088 omnes,
747 3034 768 3103 ΙΙ
795 3040 828 3086 4
857 3033 1061 3088 anterii
1089 3034 1142 3089 S.
1169 3036 1189 3103 ΙΙ
1217 3040 1248 3087 6
1280 3032 1550 3105 religet<8c
1583 3036 1730 3105 G)ur
1756 3053 1810 3089 ω.
1839 3038 1859 3105 ΙΙ
1888 3041 1917 3088 7
1946 3034 2305 3090 fistucatione

303 3122 358 3159 ω.
387 3105 406 3173 ΙΙ
434 3109 466 3157 8
504 3104 690 3173 capite
727 3108 874 3173 (ante
910 3108 1068 3173 corr.)
1096 3123 1196 3159 om.
1231 3106 1297 3161 G.
1331 3108 1339 3173 Ι
1371 3104 1531 3159 funes
1568 3106 1886 3177 pducantur
1912 3124 1966 3161 x.
1996 3109 2015 3176 ΙΙ
2042 3112 2074 3160 9
2102 3104 2318 3160 troclea

306 3174 473 3243 (HG,
509 3191 626 3228 -am
655 3174 724 3245 S)
759 3192 812 3229 ω.
859 3177 879 3243 ΙΙ
925 3181 991 3227 10
1028 3175 1256 3229 indatur
1292 3175 1428 3231 HS:
1465 3176 1763 3230 inducatur
1794 3178 1859 3233 G.
1906 3179 1926 3246 ΙΙ
1974 3183 2036 3230 11
2075 3177 2318 3251 religate

309 3247 456 3312 (ante
492 3248 653 3313 corr.)
682 3246 748 3299 G.
777 3247 796 3315 ΙΙ
825 3251 891 3298 12
929 3245 1003 3298 ad
1040 3263 1252 3302 summo
1279 3265 1319 3300 x
1348 3249 1405 3317 (a
1432 3264 1644 3301 summo
1678 3249 1753 3303 G⁰
1779 3274 1846 3294 =
1875 3248 2023 3317 LP).
2054 3251 2071 3317 ΙΙ
2102 3254 2167 3302 14
2194 3263 2318 3302 ver-

312 3312 528 3381 sabitur
563 3315 744 3385 eriget
776 3334 832 3370 x.
859 3318 878 3384 ΙΙ
908 3321 974 3369 18
1012 3318 1098 3370 est
1132 3334 1231 3372 om.
1265 3318 1332 3373 G.
1360 3322 1381 3387 ΙΙ
1410 3323 1473 3371 19
1513 3318 1904 3374 colossicotera
1939 3318 2041 3389 (H,
2077 3317 2229 3373 colos
2268 3318 2319 3373 si

311 3384 499 3435 cotera
534 3385 627 3452 S):
684 3385 924 3442 colosico
979 3388 1129 3441 terra
1183 3390 1329 3456 (ante
1383 3390 1541 3459 coroa)
1582 3390 1648 3444 G.
1711 3392 1731 3459 ΙΙ
1794 3396 1859 3443 21
1917 3390 2163 3445 chelonis
2204 3408 2260 3445 ω.
2313 3390 2322 3462 Ι

313 3453 381 3497 22
416 3453 613 3532 ‘medi-ii
647 3472 703 3509 x.
756 3458 776 3525 ΙΙ
829 3463 896 3510 23
945 3456 1268 3526 amphieren
1303 3459 1431 3515 HG
1466 3461 1566 3529 (L,
1603 3477 1727 3515 -sen
1761 3462 1859 3531 P),
1906 3461 2169 3533 amphien
2206 3462 2261 3517 S.
2294 3520 2299 3532 ,

313 3518 619 3578 penthecsfi
653 3540 709 3577 x.
763 3528 784 3593 ΙΙ
837 3532 902 3579 27
941 3527 1217 3581 inferioris
1247 3528 1324 3583 G:
1362 3547 1478 3583 -res
1507 3531 1586 3597 H,
1620 3532 1852 3586 inferius
1880 3532 1934 3588 S.
