2664 3927
732 187 828 242 DE
864 187 1424 243 ARCHITECTURA
1459 188 1593 243 LIB.
1631 189 1697 258 X,
1738 195 1768 242 3
2129 192 2256 256 251

247 357 380 397 cum
425 342 623 397 autem
667 339 731 396 in
775 356 1003 397 summo
1050 340 1355 398 cacumine
1391 341 1706 398 antemnae
1743 340 2062 400 subductae
2101 344 2260 416 sunt,

246 430 387 487 tunc
430 427 865 487 vehementiore
911 428 1287 505 progreditur
1328 429 1585 504 impetu,
1631 428 1790 505 quod
1835 449 1953 489 non
1996 430 2261 505 proxime

138 527 227 579 (ιο)
246 517 466 575 calcem
510 516 672 591 mali,
720 516 878 591 quod
922 518 1014 574 est
1055 517 1185 575 loco
1232 518 1438 592 centri,
1485 517 1589 576 sed
1631 517 1696 576 in
1742 535 1969 577 summo
2006 509 2260 600 lonlgius

247 604 321 664 ab
368 624 435 664 eo
481 622 793 683 progressa
838 604 1133 680 recipiunt
1175 605 1241 663 in
1286 625 1349 665 se
1393 606 1528 665 vela
1573 608 1833 666 ventum.
1919 607 2124 683 itaque
2170 608 2261 665 uti
2299 623 2334 670 εὶ

192 714 217 753 5
244 694 429 755 vectis
484 694 592 754 sub
646 712 821 752 onere
877 693 1173 753 subiectus
1228 695 1279 753 si
1327 714 1436 769 per
1480 695 1742 754 medium
1785 696 2099 771 premitur,
2155 696 2258 753 du-

243 783 365 842 rior
410 786 501 843 est
545 800 734 858 neque
779 781 1093 857 incumbit,
1145 802 1279 842 cum
1324 787 1527 842 autem
1571 787 1751 859 caput
1796 785 1920 843 eius
1968 803 2263 843 summum

244 872 581 946 deducitur,
634 870 893 930 faciliter
945 890 1095 931 onus
1142 872 1392 946 extollit,
1447 872 1722 931 similiter
1763 874 1899 932 vela
1943 892 2078 932 cum
2123 876 2263 933 sunt

243 980 351 1037 per
402 960 662 1018 medium
715 962 1073 1035 temperata,
1124 959 1416 1019 minorem
1467 960 1690 1020 habent
1742 962 2052 1037 virtutem,
2110 980 2260 1038 quae

136 1059 226 1112 (15)
246 1052 447 1107 autem
500 1045 509 1126 Ι
562 1049 627 1105 in
697 1048 892 1124 capite
953 1049 1100 1107 mali
1164 1068 1391 1108 summo
1457 1050 1840 1109 conlocantur
1901 1051 2263 1111 discedentia

162 1159 217 1198 10
244 1138 477 1214 longius
533 1156 570 1195 a
616 1140 844 1211 centro,
899 1156 1018 1196 non
1062 1138 1287 1196 acriore
1332 1137 1437 1196 sed
1482 1138 1688 1196 eodem
1732 1140 1906 1213 flatu,
1961 1141 2261 1215 pressione

243 1226 561 1285 cacuminis
632 1226 1037 1285 vehementius
1110 1228 1331 1303 cogunt
1403 1226 1682 1304 progredi
1744 1245 1972 1286 navem.
2081 1229 2264 1287 etiam

244 1315 393 1372 remi
445 1315 600 1374 circa
655 1315 905 1373 scalmos
961 1316 1217 1391 strophis
1272 1315 1515 1391 religati
1567 1334 1701 1374 cum
1753 1316 2025 1376 manibus
2073 1317 2264 1393 inpel-

240 1403 448 1462 luntur
506 1407 568 1463 et
624 1404 1009 1479 reducuntur,
1068 1403 1344 1463 extremis
1401 1404 1913 1481 progredientibus
1971 1423 2007 1462 a
2061 1408 2261 1463 centro

130 1503 223 1555 (so)
242 1492 457 1567 palmis
503 1494 684 1552 maris
730 1492 903 1552 undis
942 1484 1222 1575 spulmati
1256 1493 1499 1569 inpulsu
1534 1493 1870 1552 vehementi
1905 1494 2263 1569 protrudunt

162 1601 215 1642 15
242 1584 576 1657 porrectam
612 1600 843 1656 navem,
880 1585 1114 1641 secante
1150 1602 1331 1657 prora
1359 1582 1608 1658 liquoris
1635 1583 1962 1641 raritatem.
2020 1601 2264 1641 onerum
2301 1596 2333 1643 ’1

242 1689 381 1729 vero
438 1670 695 1729 maxima
750 1671 1012 1746 pondera
1057 1690 1191 1729 cum
1235 1672 1509 1729 feruntur
1553 1690 1590 1729 a
1633 1671 2040 1749 phalangariis
2085 1672 2261 1729 hexa-

240 1759 443 1834 phoris
489 1762 550 1818 et
593 1759 979 1834 tetraphoriS,
1035 1759 1449 1818 examinantur
1492 1778 1599 1835 per
1640 1760 1774 1835 ipsa
1819 1761 2016 1819 media
2061 1762 2262 1818 centra

241 1847 703 1923 phalangarum,
757 1848 848 1905 uti
894 1848 1083 1906 diviso
1130 1848 1322 1907 oneris
1371 1848 1559 1907 solido
1606 1848 1864 1924 pondere
1910 1850 2071 1907 certa
2119 1866 2263 1923 qua-

138 1946 229 1999 (25)
248 1936 387 1994 dam
432 1934 739 1995 divisionis
783 1936 1014 1996 ratione
1060 1954 1281 2013 aequas
1322 1930 1329 2014 Ι
1371 1939 1572 2012 partes
1609 1936 1776 1996 collis
1813 1936 2033 2015 singuli
2066 1938 2264 1997 ferant

165 2045 219 2085 20
248 2025 519 2100 operarii.
610 2025 839 2084 mediae
904 2025 1060 2083 enim
1118 2028 1319 2100 partes
1374 2026 1809 2106 phalangarum
1865 2026 2078 2101 quibus
2131 2027 2262 2085 lora

245 2107 725 2189 tetraphororum
768 2113 1129 2173 invehuntur
1173 2114 1358 2173 clavis
1403 2118 1543 2173 sunt
1587 2114 1818 2189 finitae,
1864 2134 1937 2174 ne
1982 2114 2264 2174 labantur

97 2211 221 2268 255
241 2202 304 2260 in
356 2221 539 2260 unam
590 2206 839 2278 partem.
931 2222 1064 2262 cum
1114 2200 1272 2262 enim
1319 2205 1486 2262 extra
1526 2199 1533 2282 Ι
1573 2202 1752 2262 finem
1796 2204 1982 2263 centri
2028 2222 2262 2279 promo-

241 2294 473 2365 ventur,
516 2295 792 2367 premunt
837 2311 972 2350 eum
1015 2292 1211 2351 locum
1258 2291 1334 2351 ad
1381 2307 1558 2368 quem
1594 2291 1836 2368 propius
1875 2295 2262 2366 accesserunt,

245 2379 740 2456 quemadmodum
774 2381 839 2438 in
876 2383 1099 2440 statera
1134 2381 1384 2458 ponduS‚
1421 2400 1556 2440 cum
1592 2382 1858 2440 examine
1885 2381 2263 2459 progreditur

160 2490 214 2530 25
242 2469 321 2527 ad
355 2468 501 2528 fines
536 2469 1043 2544 ponderationum.
1104 2469 1315 2529 eadem
1349 2471 1582 2529 ratione
1617 2471 1904 2546 iumenta,
1949 2490 2082 2529 cum
2116 2470 2260 2546 iuga
2297 2487 2330 2535 8

158 2569 223 2621 (5)
244 2576 447 2617 eorum
492 2557 783 2635 subiugiis
818 2557 963 2617 loris
999 2577 1107 2634 per
1143 2559 1405 2617 medium
1441 2551 1884 2639 temssperantur,
1929 2558 2260 2634 aequaliter

242 2647 489 2706 trahunt
543 2664 738 2705 onera.
831 2666 965 2705 cum
1019 2650 1220 2706 autem
1270 2648 1509 2724 inpares
1564 2651 1704 2706 sunt
1761 2667 1965 2706 eorum
2009 2648 2260 2706 virtutes

245 2739 304 2794 et
356 2754 540 2793 unum
593 2736 727 2811 plus
782 2736 1034 2794 valendo
1089 2736 1309 2812 premit
1363 2737 1644 2811 alterum,
1704 2738 1832 2796 loro
1888 2735 2135 2795 traiecto
2191 2734 2263 2793 fit

242 2843 363 2882 una
406 2842 547 2899 pars
582 2825 709 2901 iugi
744 2823 995 2901 longior,
1043 2843 1194 2901 quae
1228 2824 1582 2884 inbecilliori
1619 2825 1944 2884 auxiliatur
1977 2825 2260 2883 iumento.

383 3035 419 3082 4
456 3029 554 3085 ab:
593 3029 642 3083 δι
676 3030 755 3098 (et
786 3029 856 3097 G)
894 3028 967 3082 ab
1002 3045 1056 3083 x.
1092 3031 1100 3098 Ι
1132 3028 1194 3083 in
1230 3045 1289 3083 se
1324 3028 1646 3082 velamentfi
1680 3047 1736 3084 ω.
1773 3030 1794 3090 ΙΙ
1830 3035 1896 3083 12
1936 3026 2182 3098 strophis
2219 3046 2261 3084 x

240 3100 512 3171 (struppis
553 3101 661 3170 Ψ).
725 3101 744 3169 ΙΙ
809 3104 877 3152 14
921 3099 1152 3168 palmis:
1206 3098 1418 3169 parmis
1454 3116 1509 3154 x.
1565 3099 1578 3181 J
1637 3107 1836 3181 spuma
1888 3099 2116 3170 inpulsu
2151 3115 2207 3153 ω.
2243 3098 2266 3172 ΙΙ

247 3177 314 3226 16
351 3170 647 3241 exaphoris
686 3169 813 3240 &(et
842 3169 1167 3240 G)raphoris
1202 3187 1258 3224 ω.
1286 3173 1306 3240 ΙΙ
1336 3176 1402 3224 18
1439 3168 1524 3223 uti
1560 3169 1804 3226 indiviso
1835 3189 1890 3226 x.
1920 3174 1939 3240 ΙΙ
1968 3177 2032 3224 19
2069 3171 2262 3240 partes

246 3242 325 3298 G:
363 3241 461 3296 -tis
490 3242 615 3297 HS.
645 3243 664 3311 ΙΙ
693 3247 760 3296 20
796 3241 1017 3295 mediae
1055 3240 1205 3295 enim
1236 3241 1334 3296 θῦε
1371 3240 1562 3295 media
1597 3241 1747 3296 enim
1781 3260 1836 3297 x.
1871 3243 1880 3314 Ι
1911 3241 2263 3315 Ιοταῇθτᾶα·

244 3312 487 3382 phororfi
518 3313 593 3367 6³⁰
620 3316 708 3382 (ε
736 3312 806 3366 Η
810 3313 891 3382 S).
948 3314 969 3382 ΙΙ
1020 3317 1084 3365 21
1123 3328 1229 3366 nec
1263 3311 1532 3365 labuntur
1567 3329 1622 3368 ω.
1677 3315 1696 3383 ΙΙ
1751 3318 1817 3366 23
1853 3313 2084 3382 propius
2115 3315 2262 3370 6³5²:

244 3382 499 3453 proprius
528 3383 598 3437 H
601 3382 655 3439 S.
700 3385 719 3453 ΙΙ
761 3388 827 3437 26
866 3382 1251 3454 subiugiorum
1287 3382 1324 3438 1.
1363 3400 1404 3438 ω
1440 3384 1529 3453 (cf.
1563 3384 1694 3439 Cato
1723 3385 1974 3452 63.135).
2013 3386 2032 3453 ΙΙ
2069 3389 2135 3437 29
2176 3384 2261 3438 in-

243 3469 569 3604 bfffflcifsff
599 3471 729 3539 (-0ri
762 3473 836 3528 oc
862 3498 930 3519 =
959 3473 1154 3542 Pvzc).
1196 3473 1205 3542 ι
1246 3458 1514 3526 auxiliat⁹
1540 3472 1610 3526 H
1631 3472 1771 3543 (-tur
1794 3471 2006 3542 LPvz,
2043 3472 2150 3526 -1-,01
2179 3474 2261 3540 ch,

245 3575 265 3584 -
334 3560 362 3595 r
531 3584 542 3596 .
