2664 3927
347 140 474 203 146
1190 140 1521 195 VITRUVII

344 291 558 350 cellam
627 289 945 350 habentem
1009 290 1084 348 ab
1149 292 1550 366 septentrione
1622 291 1852 349 lumina
1900 283 1909 371 Ι
1956 291 2371 350 fenestrarum.
2394 302 2461 356 (5)

344 399 478 438 cum
534 379 692 438 enim
747 380 867 437 alia
921 383 1093 456 parte
1145 379 1424 438 habuerit
1479 398 1600 456 qua
1655 380 1745 438 sol
1796 379 2117 438 calefacere
2162 380 2373 455 possit,

342 470 548 527 vinum
595 469 754 544 quod
799 469 914 526 erit
957 469 1022 526 in
1068 487 1138 527 ea
1185 468 1337 527 cella
1382 470 1691 528 confusum
1736 468 1812 526 ab
1849 467 2043 526 calore
2082 467 2374 527 efficietur

273 571 306 618 3
343 557 701 618 inbecillum.
795 557 1021 616 olearia
1075 560 1278 616 autem
1331 557 1421 616 ita
1477 560 1567 616 est
1620 557 1985 617 conlocanda
2029 559 2099 614 ut
2150 556 2372 616 habeat

345 665 382 705 a
436 646 681 705 meridie
738 646 1065 722 calidisque
1118 645 1458 724 regionibus
1512 646 1729 704 lumen.
1819 665 1941 705 non
1994 646 2152 703 enim
2197 645 2374 704 debet
2400 667 2429 718 ‚5

345 737 542 794 oleum
569 735 870 812 congelari
907 736 1009 794 sed
1045 738 1250 810 tepore
1280 735 1493 794 caloris
1521 734 1843 794 extenuari.
1911 726 2369 816 magniltudines
2390 746 2488 800 (10)

343 828 545 883 autem
591 841 795 881 earum
843 824 917 882 ad
960 825 1262 883 fructuum
1297 823 1591 882 rationem
1633 827 1694 883 et
1726 842 2038 883 numerum
2073 823 2371 882 doliorum

344 916 484 972 sunt
527 911 864 987 faciundae,
911 932 1063 989 quae
1110 932 1243 972 cum
1288 914 1413 972 sint
1458 913 1767 988 cullearia,
1815 932 1924 988 per
1968 912 2229 970 medium
2272 930 2369 971 oc·

345 1019 560 1076 cupare
607 1001 823 1060 debent
868 1002 1048 1077 pedes
1097 1006 1433 1078 quaternos.
1523 1003 1721 1078 ipsum
1764 1005 1966 1060 autem
2010 1001 2272 1059 torcular
2318 1003 2371 1059 si

343 1108 464 1148 non
518 1089 731 1149 cocleis
785 1093 1100 1166 torquetur
1145 1092 1247 1151 sed
1292 1091 1558 1152 vectibus
1605 1094 1666 1149 et
1717 1090 1884 1166 prelo
1930 1090 2241 1165 premitur,
2293 1109 2369 1148 ne
2398 1112 2457 1150 10
2638 1066 2646 1153 Ι

341 1180 537 1238 minus
582 1179 828 1256 longum
873 1180 1051 1255 pedes
1087 1199 1168 1238 xn
1205 1181 1625 1255 constituatur,
1668 1180 1757 1238 ita
1803 1180 1960 1237 enim
1997 1179 2112 1237 erit
2148 1179 2368 1237 vectia-

345 1260 449 1350 {rio
507 1268 768 1344 spatium
823 1270 1178 1345 expeditum.
1276 1269 1537 1328 latitudo
1593 1269 1719 1327 eius
1771 1287 1845 1327 ne
1899 1267 2094 1327 minus
2148 1267 2369 1343 pedum
2388 1279 2483 1333 (15)

343 1377 550 1417 senum
605 1357 846 1432 denum,
901 1368 1042 1416 nam
1096 1359 1180 1416 sic
1235 1359 1350 1417 erit
1394 1359 1473 1416 ad
1516 1357 1761 1434 plenum
1810 1375 1959 1432 opus
2012 1357 2367 1416 facientibus

340 1447 530 1505 libera
575 1447 833 1506 versatio
881 1450 942 1505 et
989 1447 1279 1522 expedita.
1354 1447 1447 1506 sin
1492 1450 1693 1505 autem
1738 1446 1965 1506 duobus
2009 1446 2191 1522 prelis
2235 1445 2367 1506 loco

342 1555 488 1612 opus
551 1536 760 1609 fuerit,
816 1538 1102 1611 quattuor
1155 1538 1217 1593 et
1269 1535 1489 1613 viginti
1540 1536 1719 1611 pedes
1774 1534 2083 1594 latitudini
2137 1535 2367 1594 dentur.
2398 1557 2454 1596 15

267 1641 304 1686 4
342 1625 540 1685 ovalia
603 1626 665 1682 et
728 1624 977 1699 caprilia
1037 1623 1127 1682 ita
1191 1627 1330 1683 sunt
1384 1643 1603 1701 magna
1655 1623 1928 1683 facienda
1982 1625 2073 1682 uti
2133 1624 2369 1701 singula

340 1732 557 1788 pecora
613 1731 783 1771 areae
837 1732 911 1771 ne
953 1707 961 1791 Ι
1002 1714 1200 1771 minus
1252 1713 1431 1788 pedes
1488 1715 1807 1788 quaternos
1872 1716 1933 1771 et
1993 1712 2368 1788 semipedem,
2389 1725 2482 1778 (20)

341 1821 414 1860 ne
468 1803 606 1878 plus
663 1820 832 1860 senos
888 1803 1121 1877 possint
1159 1801 1398 1860 habere.
1490 1803 1770 1879 granaria
1816 1802 2137 1861 sublimata
2184 1805 2243 1860 et
2290 1802 2366 1860 ad

342 1891 806 1966 septentrionem
860 1893 967 1949 aut
1021 1891 1363 1968 aquilonem
1419 1891 1752 1967 spectantia
1806 1891 2223 1967 disponantur,
2278 1891 2368 1949 ita

343 1982 500 2038 enim
536 1981 835 2038 frumenta
870 1999 989 2039 non
1026 1985 1308 2057 poterunt
1345 1981 1463 2039 cito
1506 1982 1920 2056 concalescere,
1969 1980 2072 2040 sed
2110 1980 2182 2038 ab
2218 1980 2367 2039 fiatu
2396 2003 2452 2041 20

340 2069 694 2145 refrigerata
749 2068 852 2126 diu
907 2074 1233 2129 servantur.
1324 2089 1582 2146 namque
1638 2072 1864 2129 ceterae
1914 2071 2185 2147 regiones
2228 2088 2364 2144 pro-

343 2160 545 2216 creant
595 2157 996 2216 curculionem
1049 2162 1110 2217 et
1160 2159 1423 2235 reliquas
1466 2161 1473 2238 Ι
1513 2158 1796 2218 bestiolas
1845 2178 1996 2235 quae
2050 2158 2365 2217 frumentis
2387 2170 2477 2223 (25)

341 2247 536 2306 solent
579 2265 805 2306 nocere.
898 2248 1190 2322 equilibus
1237 2267 1390 2324 quae
1436 2250 1692 2307 maxime
1745 2249 1808 2305 in
1851 2248 2000 2307 villa
2046 2248 2177 2307 loca
2222 2247 2364 2306 cali-

342 2336 585 2394 dissima
630 2336 853 2394 fuerint
899 2338 1356 2411 constituantur,
1402 2337 1545 2395 dum
1590 2356 1663 2395 ne
1710 2337 1787 2395 ad
1837 2338 2035 2395 focum
2079 2338 2365 2412 spectent.

342 2443 474 2483 cum
530 2424 689 2482 enim
741 2424 1007 2483 iumenta
1070 2427 1335 2501 proxime
1398 2426 1599 2503 ignem
1661 2425 2059 2499 stabulantur,
2122 2425 2365 2483 horrida
2395 2446 2449 2487 25

269 2530 302 2577 5
338 2513 509 2571 fiunt.
582 2514 728 2571 item
763 2532 883 2571 non
930 2517 1073 2572 sunt
1115 2514 1357 2573 inutilia
1391 2516 1704 2591 praesepia
1741 2533 1893 2590 quae
1934 2507 1943 2595 Ι
1985 2514 2369 2573 conlocantur
2389 2524 2509 2579 148

340 2606 507 2661 extra
562 2603 822 2661 culinam
877 2602 942 2661 in
997 2606 1202 2679 aperto
1259 2606 1467 2662 contra
1522 2604 1825 2662 orientem.
1918 2622 2051 2661 cum
2097 2604 2254 2661 enim
2298 2603 2366 2661 in
2640 2654 2642 2675 ἶ

336 2692 529 2750 hieme
577 2690 718 2750 anni
755 2710 959 2751 sereno
997 2692 1161 2751 caelo
1197 2694 1260 2750 in
1298 2711 1370 2751 ea
1404 2693 1800 2751 traducuntur
1834 2693 2129 2750 matutino
2165 2691 2365 2767 boveS,
2640 2692 2643 2779 Ι

483 2868 510 2915 1
561 2862 635 2915 ab
673 2862 783 2929 (H,
830 2878 866 2915 a
903 2862 970 2931 S)
1018 2862 1397 2931 septentrione
1435 2863 1570 2917 HS:
1628 2862 1702 2916 ad
1756 2860 2193 2931 septentrionem
2238 2863 2306 2918 G.
2344 2862 2365 2933 ΙΙ

340 2940 371 2986 2
411 2950 538 2987 cum
565 2964 633 2973 --
663 2935 738 3004 (4)
764 2932 1095 2987 inbecillum
1131 2951 1230 2988 om.
1261 2934 1305 2989 S
1338 2934 1514 3003 (infra
1548 2936 1612 2988 in
1648 2951 1713 2987 m.
1752 2933 1932 3002 suppl.
1963 2933 2068 3002 SC),
2106 2936 2202 3003 qui
2236 2950 2364 2987 mox
2638 2922 2641 3061 Ι

329 3010 460 3073 post
505 3004 796 3057 extenuari
840 3022 888 3059 v.
921 3008 956 3058 9
993 3006 1153 3059 addit
1186 3004 1409 3059 vinaria
1456 3012 1551 3058 eni
1596 3003 1740 3058 cella
1787 3009 1854 3057 cii
1904 3003 2131 3058 aliunde
2176 3009 2289 3072 qua
2327 3020 2364 3057 a

340 3074 720 3145 septentrione
754 3074 1021 3129 habuerit
1055 3075 1366 3129 fenestrari-1
1398 3075 1630 3129 lumina.
1687 3092 1801 3142 qua
1828 3074 1914 3129 sol
1943 3118 1955 3130 .
1988 3118 2000 3129 .
2033 3118 2044 3129 .
2072 3073 2363 3128 imbecillii

340 3150 496 3216 (quae
534 3147 682 3199 linea
714 3147 982 3214 perducta
1018 3148 1154 3201 delet
1180 3147 1277 3215 Sc).
1319 3152 1328 3214 Ι
1371 3163 1483 3215 qua
1525 3147 1648 3202 GS:
1687 3164 1796 3218 que
1826 3147 1896 3200 H
1900 3147 1976 3201 S0.
2010 3149 2018 3215 Ι
2052 3144 2362 3199 calefacere

339 3218 402 3271 S:
440 3214 717 3270 calfacere
747 3216 888 3272 HG.
918 3219 937 3285 ΙΙ
966 3222 997 3269 6
1035 3220 1203 3287 tem(‹‘³
1232 3217 1438 3287 S)pore
1474 3235 1531 3272 x.
1559 3220 1579 3287 ΙΙ
1608 3222 1674 3270 10
1710 3217 1998 3287 premet(&
2024 3217 2094 3271 H
2098 3217 2231 3284 S)ur
2256 3234 2312 3271 x.
2344 3218 2361 3287 ΙΙ

341 3292 407 3339 14
452 3286 576 3341 loco
625 3286 818 3357 S(G⁶):
875 3286 1003 3341 locu
1041 3288 1129 3355 H,
1183 3287 1321 3342 locti
1361 3290 1427 3344 G.
1484 3291 1503 3358 ΙΙ
1560 3293 1625 3341 15
1677 3288 1879 3358 viginti
1914 3287 2048 3343 HS:
2103 3306 2191 3342 xx.
2236 3286 2303 3342 G.
2340 3288 2363 3360 ΙΙ

342 3362 407 3408 18
445 3355 752 3411 sublimata
791 3359 868 3413 G:
907 3358 1194 3413 sublinata
1230 3359 1297 3412 H
1303 3360 1356 3414 S.
1412 3362 1431 3429 ΙΙ
1486 3365 1553 3412 20
1588 3361 1855 3429 poterunt
1893 3359 1955 3414 S:
1994 3356 2133 3411 -rint
2160 3358 2302 3413 HG.
2348 3360 2357 3432 Ι

342 3424 553 3479 abflatu
577 3430 694 3498 (sic)
712 3446 765 3483 x.
797 3432 815 3499 ΙΙ
844 3434 909 3481 22
931 3429 1305 3484 curculionem
1323 3430 1476 3486 HG:
1505 3430 1897 3500 gurgulionem
1917 3430 1971 3485 S.
2004 3430 2013 3500 Ι
2046 3446 2216 3497 quae:
2246 3436 2363 3497 qua

340 3496 403 3546 in
437 3514 545 3551 ras.
577 3499 649 3552 18².
679 3503 698 3567 ΙΙ
726 3505 793 3553 26
830 3499 1117 3554 inuestilia
1149 3508 1274 3556 ante
1311 3518 1447 3556 corr.
1483 3503 1549 3557 G.
1579 3507 1596 3569 ῙΙ
1625 3507 1691 3555 27
1722 3501 1781 3555 in
1817 3519 1914 3557 om.
1950 3502 2002 3555 G
2039 3503 2171 3569 (non
2200 3501 2360 3570 HS).
