<?xml version="1.0" encoding="UTF-8"?>
<!DOCTYPE html PUBLIC "-//W3C//DTD XHTML 1.0 Transitional//EN"
    "http://www.w3.org/TR/xhtml1/DTD/xhtml1-transitional.dtd">
<html xmlns="http://www.w3.org/1999/xhtml" xml:lang="en" lang="en">
 <head>
  <title>
</title>
<meta http-equiv="Content-Type" content="text/html;charset=utf-8" />
  <meta name='ocr-system' content='tesseract 3.04.00' />
  <meta name='ocr-capabilities' content='ocr_page ocr_carea ocr_par ocr_line ocrx_word'/>
</head>
<body>
  <div class='ocr_page' id='page_1' title='image "./vitruviidearchi00pollgoog_0203.png"; bbox 0 0 2664 3927; ppageno 0'>
   <div class='ocr_carea' id='block_1_1' title="bbox 799 236 2355 308">
    <p class='ocr_par' dir='ltr' id='par_1_1' title="bbox 799 236 2355 308">
     <span class='ocr_line' id='line_1_1' title="bbox 799 236 2355 308; baseline 0.009 -16"><span class='ocrx_word' id='word_1_1' title='bbox 799 236 896 292; x_wconf 85' lang='lat' dir='ltr'>DE</span> <span class='ocrx_word' id='word_1_2' title='bbox 934 236 1493 293; x_wconf 82' lang='lat' dir='ltr'><strong>ARCHITECTURA</strong></span> <span class='ocrx_word' id='word_1_3' title='bbox 1528 238 1661 295; x_wconf 88' lang='lat' dir='ltr'><strong>LIB.</strong></span> <span class='ocrx_word' id='word_1_4' title='bbox 1700 239 1818 308; x_wconf 85' lang='lat' dir='ltr'>VII,</span> <span class='ocrx_word' id='word_1_5' title='bbox 1858 245 1889 293; x_wconf 89' lang='lat'><strong>3</strong></span> <span class='ocrx_word' id='word_1_6' title='bbox 2228 241 2355 305; x_wconf 80' lang='grc'>167</span> 
     </span>
    </p>
   </div>
   <div class='ocr_carea' id='block_1_2' title="bbox 193 382 2461 3128">
    <p class='ocr_par' dir='ltr' id='par_1_2' title="bbox 226 382 2357 716">
     <span class='ocr_line' id='line_1_2' title="bbox 226 382 2357 466; baseline 0.004 -24"><span class='ocrx_word' id='word_1_7' title='bbox 226 399 316 453; x_wconf 78' lang='lat' dir='ltr'>(so)</span> <span class='ocrx_word' id='word_1_8' title='bbox 336 390 514 448; x_wconf 89' lang='lat' dir='ltr'>ducti.</span> <span class='ocrx_word' id='word_1_9' title='bbox 606 409 741 448; x_wconf 88' lang='lat' dir='ltr'>cum</span> <span class='ocrx_word' id='word_1_10' title='bbox 785 407 924 465; x_wconf 89' lang='lat' dir='ltr'>ergo</span> <span class='ocrx_word' id='word_1_11' title='bbox 971 388 1058 446; x_wconf 92' lang='lat' dir='ltr'>ita</span> <span class='ocrx_word' id='word_1_12' title='bbox 1099 382 1107 466; x_wconf 84' lang='grc' dir='ltr'>Ι</span> <span class='ocrx_word' id='word_1_13' title='bbox 1148 389 1211 446; x_wconf 89' lang='lat' dir='ltr'>in</span> <span class='ocrx_word' id='word_1_14' title='bbox 1255 389 1585 465; x_wconf 86' lang='lat' dir='ltr'>parietibus</span> <span class='ocrx_word' id='word_1_15' title='bbox 1630 391 1881 450; x_wconf 89' lang='lat' dir='ltr'>tectoria</span> <span class='ocrx_word' id='word_1_16' title='bbox 1927 391 2089 449; x_wconf 85' lang='lat' dir='ltr'>facta</span> <span class='ocrx_word' id='word_1_17' title='bbox 2132 390 2357 451; x_wconf 78' lang='lat' dir='ltr'>fuerint</span> 
     </span>
     <span class='ocr_line' id='line_1_3' title="bbox 335 476 2355 554; baseline 0.001 -18"><span class='ocrx_word' id='word_1_18' title='bbox 335 478 427 537; x_wconf 90' lang='lat' dir='ltr'>uti</span> <span class='ocrx_word' id='word_1_19' title='bbox 472 497 649 554; x_wconf 87' lang='lat' dir='ltr'>supra</span> <span class='ocrx_word' id='word_1_20' title='bbox 695 477 980 552; x_wconf 89' lang='lat' dir='ltr'>scriptum</span> <span class='ocrx_word' id='word_1_21' title='bbox 1025 479 1131 552; x_wconf 89' lang='lat' dir='ltr'>est,</span> <span class='ocrx_word' id='word_1_22' title='bbox 1178 479 1239 535; x_wconf 92' lang='lat' dir='ltr'>et</span> <span class='ocrx_word' id='word_1_23' title='bbox 1281 476 1627 537; x_wconf 88' lang='lat' dir='ltr'>firmitatem</span> <span class='ocrx_word' id='word_1_24' title='bbox 1674 481 1734 537; x_wconf 91' lang='lat' dir='ltr'>et</span> <span class='ocrx_word' id='word_1_25' title='bbox 1762 479 2145 554; x_wconf 67' lang='lat' dir='ltr'>splendorem</span> <span class='ocrx_word' id='word_1_26' title='bbox 2180 483 2241 539; x_wconf 90' lang='lat' dir='ltr'>et</span> <span class='ocrx_word' id='word_1_27' title='bbox 2277 480 2355 539; x_wconf 92' lang='lat' dir='ltr'>ad</span> 
     </span>
     <span class='ocr_line' id='line_1_4' title="bbox 332 565 2355 643; baseline 0.001 -17"><span class='ocrx_word' id='word_1_28' title='bbox 332 569 694 627; x_wconf 84' lang='lat' dir='ltr'>vetustatem</span> <span class='ocrx_word' id='word_1_29' title='bbox 747 567 1190 641; x_wconf 76' lang='lat' dir='ltr'><strong>permanentem</strong></span> <span class='ocrx_word' id='word_1_30' title='bbox 1234 565 1521 625; x_wconf 85' lang='lat' dir='ltr'>virtutem</span> <span class='ocrx_word' id='word_1_31' title='bbox 1568 570 1851 643; x_wconf 89' lang='lat' dir='ltr'>poterunt</span> <span class='ocrx_word' id='word_1_32' title='bbox 1893 567 2127 626; x_wconf 87' lang='lat' dir='ltr'>habere.</span> <span class='ocrx_word' id='word_1_33' title='bbox 2218 587 2355 628; x_wconf 85' lang='lat' dir='ltr'>eum</span> 
     </span>
     <span class='ocr_line' id='line_1_5' title="bbox 332 653 2357 716; baseline 0.001 -2"><span class='ocrx_word' id='word_1_34' title='bbox 332 675 473 716; x_wconf 85' lang='lat' dir='ltr'>vero</span> <span class='ocrx_word' id='word_1_35' title='bbox 520 675 703 714; x_wconf 90' lang='lat' dir='ltr'>unum</span> <span class='ocrx_word' id='word_1_36' title='bbox 749 653 977 713; x_wconf 89' lang='lat' dir='ltr'>corium</span> <span class='ocrx_word' id='word_1_37' title='bbox 1020 653 1278 713; x_wconf 80' lang='lat' dir='ltr'>harenae</span> <span class='ocrx_word' id='word_1_38' title='bbox 1325 658 1386 713; x_wconf 92' lang='lat' dir='ltr'>et</span> <span class='ocrx_word' id='word_1_39' title='bbox 1421 676 1606 715; x_wconf 89' lang='lat' dir='ltr'>unum</span> <span class='ocrx_word' id='word_1_40' title='bbox 1641 657 1857 716; x_wconf 89' lang='lat' dir='ltr'>minuti</span> <span class='ocrx_word' id='word_1_41' title='bbox 1893 657 2205 715; x_wconf 82' lang='lat' dir='ltr'>marmoris</span> <span class='ocrx_word' id='word_1_42' title='bbox 2242 659 2357 716; x_wconf 89' lang='lat' dir='ltr'>erit</span> 
     </span>
    </p>

    <p class='ocr_par' dir='ltr' id='par_1_3' title="bbox 281 741 2355 822">
     <span class='ocr_line' id='line_1_6' title="bbox 281 741 2355 822; baseline -0.001 -17"><span class='ocrx_word' id='word_1_43' title='bbox 281 764 308 805; x_wconf 81' lang='lat'><strong>5</strong></span> <span class='ocrx_word' id='word_1_44' title='bbox 336 745 673 819; x_wconf 87' lang='lat' dir='ltr'>inductum,</span> <span class='ocrx_word' id='word_1_45' title='bbox 726 741 992 801; x_wconf 86' lang='lat' dir='ltr'>tenuitas</span> <span class='ocrx_word' id='word_1_46' title='bbox 1047 742 1172 801; x_wconf 91' lang='lat' dir='ltr'>eius</span> <span class='ocrx_word' id='word_1_47' title='bbox 1215 742 1412 802; x_wconf 88' lang='lat' dir='ltr'>minus</span> <span class='ocrx_word' id='word_1_48' title='bbox 1458 745 1708 804; x_wconf 81' lang='lat' dir='ltr'>valendo</span> <span class='ocrx_word' id='word_1_49' title='bbox 1755 745 2013 805; x_wconf 73' lang='lat' dir='ltr'>faciliter</span> <span class='ocrx_word' id='word_1_50' title='bbox 2054 746 2355 822; x_wconf 78' lang='lat' dir='ltr'>rumpitur</span> 
     </span>
    </p>

    <p class='ocr_par' dir='ltr' id='par_1_4' title="bbox 222 823 2423 1178">
     <span class='ocr_line' id='line_1_7' title="bbox 222 823 2354 914; baseline -0.002 -18"><span class='ocrx_word' id='word_1_51' title='bbox 222 845 313 896; x_wconf 72' lang='lat'>(2⁵)</span> <span class='ocrx_word' id='word_1_52' title='bbox 331 853 442 892; x_wconf 89' lang='lat' dir='ltr'>nec</span> <span class='ocrx_word' id='word_1_53' title='bbox 487 831 858 908; x_wconf 85' lang='lat' dir='ltr'>splendorem</span> <span class='ocrx_word' id='word_1_54' title='bbox 901 829 1290 906; x_wconf 89' lang='lat' dir='ltr'>politionibus</span> <span class='ocrx_word' id='word_1_55' title='bbox 1344 823 1607 914; x_wconf 64' lang='lat' dir='ltr'>prolpter</span> <span class='ocrx_word' id='word_1_56' title='bbox 1650 833 2102 895; x_wconf 74' lang='lat' dir='ltr'>inbecillitatem</span> <span class='ocrx_word' id='word_1_57' title='bbox 2147 834 2354 894; x_wconf 88' lang='lat' dir='ltr'>crassi-</span> 
     </span>
     <span class='ocr_line' id='line_1_8' title="bbox 332 918 2423 1000; baseline 0.001 -18"><span class='ocrx_word' id='word_1_58' title='bbox 332 922 556 982; x_wconf 90' lang='lat' dir='ltr'>tudinis</span> <span class='ocrx_word' id='word_1_59' title='bbox 594 920 902 995; x_wconf 87' lang='lat' dir='ltr'>proprium</span> <span class='ocrx_word' id='word_1_60' title='bbox 938 918 1243 978; x_wconf 72' lang='lat' dir='ltr'>obtinebit.</span> <span class='ocrx_word' id='word_1_61' title='bbox 1317 922 1813 996; x_wconf 84' lang='lat' dir='ltr'>quemadmodum</span> <span class='ocrx_word' id='word_1_62' title='bbox 1849 924 2007 982; x_wconf 88' lang='lat' dir='ltr'>enim</span> <span class='ocrx_word' id='word_1_63' title='bbox 2046 925 2353 1000; x_wconf 89' lang='lat' dir='ltr'>speculum</span> <span class='ocrx_word' id='word_1_64' title='bbox 2391 941 2423 987; x_wconf 88' lang='lat'>9</span> 
     </span>
     <span class='ocr_line' id='line_1_9' title="bbox 333 1007 2351 1088; baseline 0.001 -19"><span class='ocrx_word' id='word_1_65' title='bbox 333 1013 683 1088; x_wconf 89' lang='lat' dir='ltr'>argenteum</span> <span class='ocrx_word' id='word_1_66' title='bbox 737 1007 906 1066; x_wconf 90' lang='lat' dir='ltr'>tenui</span> <span class='ocrx_word' id='word_1_67' title='bbox 959 1008 1200 1066; x_wconf 85' lang='lat' dir='ltr'>lamella</span> <span class='ocrx_word' id='word_1_68' title='bbox 1246 1008 1490 1067; x_wconf 90' lang='lat' dir='ltr'>ductum</span> <span class='ocrx_word' id='word_1_69' title='bbox 1540 1009 1797 1070; x_wconf 86' lang='lat' dir='ltr'>incertas</span> <span class='ocrx_word' id='word_1_70' title='bbox 1846 1015 1905 1071; x_wconf 88' lang='lat' dir='ltr'>et</span> <span class='ocrx_word' id='word_1_71' title='bbox 1958 1013 2083 1072; x_wconf 88' lang='lat' dir='ltr'>sine</span> <span class='ocrx_word' id='word_1_72' title='bbox 2128 1012 2351 1072; x_wconf 86' lang='lat' dir='ltr'>viribus</span> 
     </span>
     <span class='ocr_line' id='line_1_10' title="bbox 332 1096 2352 1178; baseline 0.001 -21"><span class='ocrx_word' id='word_1_73' title='bbox 332 1099 512 1158; x_wconf 85' lang='lat' dir='ltr'>habet</span> <span class='ocrx_word' id='word_1_74' title='bbox 554 1097 925 1156; x_wconf 83' lang='lat' dir='ltr'>remissiones</span> <span class='ocrx_word' id='word_1_75' title='bbox 971 1096 1320 1172; x_wconf 84' lang='lat' dir='ltr'>splendoriS‚</span> <span class='ocrx_word' id='word_1_76' title='bbox 1368 1097 1525 1172; x_wconf 87' lang='lat' dir='ltr'>quod</span> <span class='ocrx_word' id='word_1_77' title='bbox 1571 1101 1771 1158; x_wconf 91' lang='lat' dir='ltr'>autem</span> <span class='ocrx_word' id='word_1_78' title='bbox 1818 1119 1849 1158; x_wconf 94' lang='lat' dir='ltr'>e</span> <span class='ocrx_word' id='word_1_79' title='bbox 1892 1100 2085 1159; x_wconf 87' lang='lat' dir='ltr'>solida</span> <span class='ocrx_word' id='word_1_80' title='bbox 2130 1104 2352 1178; x_wconf 89' lang='lat' dir='ltr'>tempe-</span> 
     </span>
    </p>

    <p class='ocr_par' dir='ltr' id='par_1_5' title="bbox 254 1185 2352 1266">
     <span class='ocr_line' id='line_1_11' title="bbox 254 1185 2352 1266; baseline 0.001 -19"><span class='ocrx_word' id='word_1_81' title='bbox 254 1208 307 1247; x_wconf 82' lang='grc' dir='ltr'>ιο</span> <span class='ocrx_word' id='word_1_82' title='bbox 332 1190 539 1246; x_wconf 88' lang='lat' dir='ltr'>ratura</span> <span class='ocrx_word' id='word_1_83' title='bbox 583 1186 764 1244; x_wconf 89' lang='lat' dir='ltr'>fuerit</span> <span class='ocrx_word' id='word_1_84' title='bbox 807 1187 1061 1260; x_wconf 86' lang='lat' dir='ltr'>factum,</span> <span class='ocrx_word' id='word_1_85' title='bbox 1115 1185 1405 1262; x_wconf 90' lang='lat' dir='ltr'>recipiens</span> <span class='ocrx_word' id='word_1_86' title='bbox 1459 1185 1524 1243; x_wconf 93' lang='lat' dir='ltr'>in</span> <span class='ocrx_word' id='word_1_87' title='bbox 1578 1205 1639 1245; x_wconf 92' lang='lat' dir='ltr'>se</span> <span class='ocrx_word' id='word_1_88' title='bbox 1691 1187 1877 1246; x_wconf 89' lang='lat' dir='ltr'>firmis</span> <span class='ocrx_word' id='word_1_89' title='bbox 1923 1189 2145 1248; x_wconf 86' lang='lat' dir='ltr'>viribus</span> <span class='ocrx_word' id='word_1_90' title='bbox 2202 1191 2352 1266; x_wconf 91' lang='lat' dir='ltr'>poli·</span> 
     </span>
    </p>

    <p class='ocr_par' dir='ltr' id='par_1_6' title="bbox 193 1267 2353 1618">
     <span class='ocr_line' id='line_1_12' title="bbox 193 1267 2351 1358; baseline -0 -19"><span class='ocrx_word' id='word_1_91' title='bbox 193 1284 312 1339; x_wconf 83' lang='grc'>169</span> <span class='ocrx_word' id='word_1_92' title='bbox 331 1277 556 1334; x_wconf 89' lang='lat' dir='ltr'>tionem</span> <span class='ocrx_word' id='word_1_93' title='bbox 624 1275 919 1351; x_wconf 76' lang='lat' dir='ltr'>fulgentes</span> <span class='ocrx_word' id='word_1_94' title='bbox 992 1275 1056 1332; x_wconf 92' lang='lat' dir='ltr'>in</span> <span class='ocrx_word' id='word_1_95' title='bbox 1127 1277 1373 1350; x_wconf 88' lang='lat' dir='ltr'>aspectu</span> <span class='ocrx_word' id='word_1_96' title='bbox 1445 1278 1757 1350; x_wconf 89' lang='lat' dir='ltr'>certasque</span> <span class='ocrx_word' id='word_1_97' title='bbox 1829 1267 2351 1358; x_wconf 61' lang='lat' dir='ltr'>conlsiderantibus</span> 
     </span>
     <span class='ocr_line' id='line_1_13' title="bbox 331 1363 2353 1442; baseline 0.001 -20"><span class='ocrx_word' id='word_1_98' title='bbox 331 1364 620 1441; x_wconf 82' lang='lat' dir='ltr'>imagines</span> <span class='ocrx_word' id='word_1_99' title='bbox 678 1364 899 1442; x_wconf 81' lang='lat' dir='ltr'>reddit,</span> <span class='ocrx_word' id='word_1_100' title='bbox 963 1364 1046 1422; x_wconf 91' lang='lat' dir='ltr'>sic</span> <span class='ocrx_word' id='word_1_101' title='bbox 1109 1363 1361 1422; x_wconf 88' lang='lat' dir='ltr'>tectoria</span> <span class='ocrx_word' id='word_1_102' title='bbox 1417 1382 1568 1439; x_wconf 88' lang='lat' dir='ltr'>quae</span> <span class='ocrx_word' id='word_1_103' title='bbox 1624 1383 1695 1422; x_wconf 85' lang='lat' dir='ltr'>ex</span> <span class='ocrx_word' id='word_1_104' title='bbox 1748 1365 1917 1423; x_wconf 86' lang='lat' dir='ltr'>tenui</span> <span class='ocrx_word' id='word_1_105' title='bbox 1971 1368 2110 1424; x_wconf 88' lang='lat' dir='ltr'>sunt</span> <span class='ocrx_word' id='word_1_106' title='bbox 2174 1367 2353 1425; x_wconf 86' lang='lat' dir='ltr'>ducta</span> 
     </span>
     <span class='ocr_line' id='line_1_14' title="bbox 331 1452 2353 1526; baseline 0.001 -15"><span class='ocrx_word' id='word_1_107' title='bbox 331 1453 583 1512; x_wconf 89' lang='lat' dir='ltr'>materia</span> <span class='ocrx_word' id='word_1_108' title='bbox 627 1471 746 1512; x_wconf 92' lang='lat' dir='ltr'>non</span> <span class='ocrx_word' id='word_1_109' title='bbox 790 1453 966 1512; x_wconf 90' lang='lat' dir='ltr'>modo</span> <span class='ocrx_word' id='word_1_110' title='bbox 1012 1455 1154 1511; x_wconf 88' lang='lat' dir='ltr'>sunt</span> <span class='ocrx_word' id='word_1_111' title='bbox 1197 1453 1446 1526; x_wconf 89' lang='lat' dir='ltr'>rimosa,</span> <span class='ocrx_word' id='word_1_112' title='bbox 1500 1452 1603 1510; x_wconf 93' lang='lat' dir='ltr'>sed</span> <span class='ocrx_word' id='word_1_113' title='bbox 1658 1453 1842 1511; x_wconf 89' lang='lat' dir='ltr'>etiam</span> <span class='ocrx_word' id='word_1_114' title='bbox 1895 1453 2166 1512; x_wconf 80' lang='lat' dir='ltr'>celeriter</span> <span class='ocrx_word' id='word_1_115' title='bbox 2219 1473 2353 1513; x_wconf 83' lang='lat' dir='ltr'>eva-</span> 
     </span>
     <span class='ocr_line' id='line_1_15' title="bbox 329 1540 2351 1618; baseline -0 -16"><span class='ocrx_word' id='word_1_116' title='bbox 329 1545 604 1616; x_wconf 82' lang='lat' dir='ltr'>nescunt,</span> <span class='ocrx_word' id='word_1_117' title='bbox 669 1560 820 1618; x_wconf 87' lang='lat' dir='ltr'>quae</span> <span class='ocrx_word' id='word_1_118' title='bbox 884 1544 1086 1600; x_wconf 90' lang='lat' dir='ltr'>autem</span> <span class='ocrx_word' id='word_1_119' title='bbox 1145 1541 1399 1599; x_wconf 84' lang='lat' dir='ltr'>fundata</span> <span class='ocrx_word' id='word_1_120' title='bbox 1465 1540 1871 1601; x_wconf 85' lang='lat' dir='ltr'>harenationis</span> <span class='ocrx_word' id='word_1_121' title='bbox 1927 1545 1988 1601; x_wconf 92' lang='lat' dir='ltr'>et</span> <span class='ocrx_word' id='word_1_122' title='bbox 2040 1543 2351 1602; x_wconf 84' lang='lat' dir='ltr'>marmoris</span> 
     </span>
    </p>

    <p class='ocr_par' dir='ltr' id='par_1_7' title="bbox 247 1629 2351 1706">
     <span class='ocr_line' id='line_1_16' title="bbox 247 1629 2351 1706; baseline -0.001 -14"><span class='ocrx_word' id='word_1_123' title='bbox 247 1651 302 1692; x_wconf 82' lang='lat'>15</span> <span class='ocrx_word' id='word_1_124' title='bbox 330 1631 634 1691; x_wconf 83' lang='lat' dir='ltr'>soliditate</span> <span class='ocrx_word' id='word_1_125' title='bbox 687 1633 827 1690; x_wconf 89' lang='lat' dir='ltr'>sunt</span> <span class='ocrx_word' id='word_1_126' title='bbox 881 1629 1269 1689; x_wconf 86' lang='lat' dir='ltr'>crassitudine</span> <span class='ocrx_word' id='word_1_127' title='bbox 1325 1629 1543 1705; x_wconf 88' lang='lat' dir='ltr'>spissa,</span> <span class='ocrx_word' id='word_1_128' title='bbox 1598 1649 1732 1689; x_wconf 88' lang='lat' dir='ltr'>cum</span> <span class='ocrx_word' id='word_1_129' title='bbox 1782 1633 1921 1689; x_wconf 88' lang='lat' dir='ltr'>sunt</span> <span class='ocrx_word' id='word_1_130' title='bbox 1964 1630 2351 1706; x_wconf 89' lang='lat' dir='ltr'>politionibus</span> 
     </span>
    </p>

    <p class='ocr_par' dir='ltr' id='par_1_8' title="bbox 248 1713 2461 2063">
     <span class='ocr_line' id='line_1_17' title="bbox 248 1713 2351 1802; baseline -0.001 -21"><span class='ocrx_word' id='word_1_131' title='bbox 248 1713 341 1802; x_wconf 79' lang='grc' dir='ltr'>(5)Ι</span> <span class='ocrx_word' id='word_1_132' title='bbox 384 1720 601 1779; x_wconf 83' lang='lat' dir='ltr'>crebris</span> <span class='ocrx_word' id='word_1_133' title='bbox 648 1719 911 1793; x_wconf 85' lang='lat' dir='ltr'>subacta,</span> <span class='ocrx_word' id='word_1_134' title='bbox 956 1737 1076 1776; x_wconf 90' lang='lat' dir='ltr'>non</span> <span class='ocrx_word' id='word_1_135' title='bbox 1119 1719 1296 1777; x_wconf 91' lang='lat' dir='ltr'>modo</span> <span class='ocrx_word' id='word_1_136' title='bbox 1344 1720 1484 1777; x_wconf 89' lang='lat' dir='ltr'>sunt</span> <span class='ocrx_word' id='word_1_137' title='bbox 1527 1719 1800 1793; x_wconf 84' lang='lat' dir='ltr'>nitentia,</span> <span class='ocrx_word' id='word_1_138' title='bbox 1846 1719 1948 1778; x_wconf 90' lang='lat' dir='ltr'>sed</span> <span class='ocrx_word' id='word_1_139' title='bbox 1986 1720 2168 1778; x_wconf 90' lang='lat' dir='ltr'>etiam</span> <span class='ocrx_word' id='word_1_140' title='bbox 2203 1720 2351 1778; x_wconf 91' lang='lat' dir='ltr'>ima-</span> 
     </span>
     <span class='ocr_line' id='line_1_18' title="bbox 330 1807 2461 1886; baseline 0.002 -20"><span class='ocrx_word' id='word_1_141' title='bbox 330 1811 496 1886; x_wconf 88' lang='lat' dir='ltr'>gines</span> <span class='ocrx_word' id='word_1_142' title='bbox 535 1826 837 1884; x_wconf 87' lang='lat' dir='ltr'>expressas</span> <span class='ocrx_word' id='word_1_143' title='bbox 874 1807 1295 1882; x_wconf 86' lang='lat' dir='ltr'>aspicientibus</span> <span class='ocrx_word' id='word_1_144' title='bbox 1334 1826 1405 1865; x_wconf 85' lang='lat' dir='ltr'>ex</span> <span class='ocrx_word' id='word_1_145' title='bbox 1440 1826 1509 1867; x_wconf 93' lang='lat' dir='ltr'>eo</span> <span class='ocrx_word' id='word_1_146' title='bbox 1548 1826 1725 1883; x_wconf 91' lang='lat' dir='ltr'>opere</span> <span class='ocrx_word' id='word_1_147' title='bbox 1759 1808 2092 1867; x_wconf 89' lang='lat' dir='ltr'>remittunt.</span> <span class='ocrx_word' id='word_1_148' title='bbox 2170 1807 2350 1868; x_wconf 83' lang='lat' dir='ltr'>Grae·</span> <span class='ocrx_word' id='word_1_149' title='bbox 2391 1823 2461 1872; x_wconf 88' lang='lat'>10</span> 
     </span>
     <span class='ocr_line' id='line_1_19' title="bbox 331 1896 2349 1957; baseline 0 -1"><span class='ocrx_word' id='word_1_150' title='bbox 331 1915 534 1956; x_wconf 90' lang='lat' dir='ltr'>corum</span> <span class='ocrx_word' id='word_1_151' title='bbox 595 1915 734 1956; x_wconf 83' lang='lat' dir='ltr'>vero</span> <span class='ocrx_word' id='word_1_152' title='bbox 807 1899 1063 1954; x_wconf 86' lang='lat' dir='ltr'>tectores</span> <span class='ocrx_word' id='word_1_153' title='bbox 1135 1913 1255 1954; x_wconf 90' lang='lat' dir='ltr'>non</span> <span class='ocrx_word' id='word_1_154' title='bbox 1319 1897 1511 1955; x_wconf 90' lang='lat' dir='ltr'>solum</span> <span class='ocrx_word' id='word_1_155' title='bbox 1572 1897 1667 1956; x_wconf 90' lang='lat' dir='ltr'>his</span> <span class='ocrx_word' id='word_1_156' title='bbox 1728 1896 2057 1957; x_wconf 89' lang='lat' dir='ltr'>rationibus</span> <span class='ocrx_word' id='word_1_157' title='bbox 2129 1898 2349 1957; x_wconf 90' lang='lat' dir='ltr'>utendo</span> 
     </span>
     <span class='ocr_line' id='line_1_20' title="bbox 329 1985 2350 2063; baseline 0.001 -19"><span class='ocrx_word' id='word_1_158' title='bbox 329 1986 557 2046; x_wconf 81' lang='lat' dir='ltr'>faciunt</span> <span class='ocrx_word' id='word_1_159' title='bbox 601 2005 782 2061; x_wconf 88' lang='lat' dir='ltr'>opera</span> <span class='ocrx_word' id='word_1_160' title='bbox 826 1986 1024 2061; x_wconf 88' lang='lat' dir='ltr'>firma,</span> <span class='ocrx_word' id='word_1_161' title='bbox 1078 1985 1181 2045; x_wconf 91' lang='lat' dir='ltr'>sed</span> <span class='ocrx_word' id='word_1_162' title='bbox 1237 1986 1420 2044; x_wconf 90' lang='lat' dir='ltr'>etiam</span> <span class='ocrx_word' id='word_1_163' title='bbox 1469 1986 1754 2046; x_wconf 89' lang='lat' dir='ltr'>mortario</span> <span class='ocrx_word' id='word_1_164' title='bbox 1801 1988 2135 2063; x_wconf 82' lang='lat' dir='ltr'>conlocatO,</span> <span class='ocrx_word' id='word_1_165' title='bbox 2190 1988 2350 2047; x_wconf 89' lang='lat' dir='ltr'>calce</span> 
     </span>
    </p>

    <p class='ocr_par' dir='ltr' id='par_1_9' title="bbox 248 2074 2349 2154">
     <span class='ocr_line' id='line_1_21' title="bbox 248 2074 2349 2154; baseline -0 -18"><span class='ocrx_word' id='word_1_166' title='bbox 248 2096 303 2137; x_wconf 82' lang='lat'>20</span> <span class='ocrx_word' id='word_1_167' title='bbox 331 2078 393 2134; x_wconf 89' lang='lat' dir='ltr'>et</span> <span class='ocrx_word' id='word_1_168' title='bbox 444 2075 668 2134; x_wconf 88' lang='lat' dir='ltr'>harena</span> <span class='ocrx_word' id='word_1_169' title='bbox 712 2075 797 2133; x_wconf 91' lang='lat' dir='ltr'>ibi</span> <span class='ocrx_word' id='word_1_170' title='bbox 843 2076 1113 2149; x_wconf 83' lang='lat' dir='ltr'>confusa,</span> <span class='ocrx_word' id='word_1_171' title='bbox 1166 2074 1409 2133; x_wconf 87' lang='lat' dir='ltr'>decuria</span> <span class='ocrx_word' id='word_1_172' title='bbox 1462 2074 1769 2134; x_wconf 90' lang='lat' dir='ltr'>hominum</span> <span class='ocrx_word' id='word_1_173' title='bbox 1812 2076 2083 2150; x_wconf 87' lang='lat' dir='ltr'>inducta,</span> <span class='ocrx_word' id='word_1_174' title='bbox 2135 2077 2349 2154; x_wconf 84' lang='lat' dir='ltr'>ligneis</span> 
     </span>
    </p>

    <p class='ocr_par' dir='ltr' id='par_1_10' title="bbox 217 2154 2350 2507">
     <span class='ocr_line' id='line_1_22' title="bbox 217 2154 2350 2244; baseline 0 -21"><span class='ocrx_word' id='word_1_175' title='bbox 217 2175 312 2223; x_wconf 78' lang='grc' dir='ltr'>(ιο)</span> <span class='ocrx_word' id='word_1_176' title='bbox 332 2163 600 2223; x_wconf 86' lang='lat' dir='ltr'>vectibus</span> <span class='ocrx_word' id='word_1_177' title='bbox 636 2164 840 2241; x_wconf 89' lang='lat' dir='ltr'>pisunt</span> <span class='ocrx_word' id='word_1_178' title='bbox 874 2154 1222 2244; x_wconf 63' lang='lat' dir='ltr'>matelriam,</span> <span class='ocrx_word' id='word_1_179' title='bbox 1259 2166 1320 2221; x_wconf 91' lang='lat' dir='ltr'>et</span> <span class='ocrx_word' id='word_1_180' title='bbox 1354 2162 1444 2221; x_wconf 87' lang='lat' dir='ltr'>ita</span> <span class='ocrx_word' id='word_1_181' title='bbox 1481 2164 1558 2221; x_wconf 88' lang='lat' dir='ltr'>ad</span> <span class='ocrx_word' id='word_1_182' title='bbox 1594 2166 1892 2223; x_wconf 86' lang='lat' dir='ltr'>certamen</span> <span class='ocrx_word' id='word_1_183' title='bbox 1927 2164 2172 2224; x_wconf 86' lang='lat' dir='ltr'>subacta</span> <span class='ocrx_word' id='word_1_184' title='bbox 2208 2168 2350 2223; x_wconf 86' lang='lat' dir='ltr'>tunc</span> 
     </span>
     <span class='ocr_line' id='line_1_23' title="bbox 327 2251 2347 2327; baseline 0 -16"><span class='ocrx_word' id='word_1_185' title='bbox 327 2256 594 2311; x_wconf 90' lang='lat' dir='ltr'>utuntur.</span> <span class='ocrx_word' id='word_1_186' title='bbox 684 2253 891 2327; x_wconf 87' lang='lat' dir='ltr'>itaque</span> <span class='ocrx_word' id='word_1_187' title='bbox 935 2251 1233 2311; x_wconf 83' lang='lat' dir='ltr'>veteribus</span> <span class='ocrx_word' id='word_1_188' title='bbox 1278 2251 1605 2327; x_wconf 86' lang='lat' dir='ltr'>parietibus</span> <span class='ocrx_word' id='word_1_189' title='bbox 1651 2253 1923 2311; x_wconf 87' lang='lat' dir='ltr'>nonnulli</span> <span class='ocrx_word' id='word_1_190' title='bbox 1978 2257 2205 2313; x_wconf 83' lang='lat' dir='ltr'>crustas</span> <span class='ocrx_word' id='word_1_191' title='bbox 2252 2273 2347 2312; x_wconf 84' lang='lat' dir='ltr'>ex·</span> 
     </span>
     <span class='ocr_line' id='line_1_24' title="bbox 326 2340 2349 2416; baseline -0.001 -15"><span class='ocrx_word' id='word_1_192' title='bbox 326 2342 589 2401; x_wconf 90' lang='lat' dir='ltr'>cidentes</span> <span class='ocrx_word' id='word_1_193' title='bbox 653 2360 762 2416; x_wconf 88' lang='lat' dir='ltr'>pro</span> <span class='ocrx_word' id='word_1_194' title='bbox 819 2340 1018 2400; x_wconf 90' lang='lat' dir='ltr'>abacis</span> <span class='ocrx_word' id='word_1_195' title='bbox 1081 2343 1359 2415; x_wconf 87' lang='lat' dir='ltr'>utuntur,</span> <span class='ocrx_word' id='word_1_196' title='bbox 1423 2341 1672 2416; x_wconf 87' lang='lat' dir='ltr'>ipsaque</span> <span class='ocrx_word' id='word_1_197' title='bbox 1725 2341 1977 2401; x_wconf 88' lang='lat' dir='ltr'>tectoria</span> <span class='ocrx_word' id='word_1_198' title='bbox 2031 2342 2349 2401; x_wconf 88' lang='lat' dir='ltr'>abacorum</span> 
     </span>
     <span class='ocr_line' id='line_1_25' title="bbox 328 2429 2349 2507; baseline -0 -17"><span class='ocrx_word' id='word_1_199' title='bbox 328 2434 391 2490; x_wconf 92' lang='lat' dir='ltr'>et</span> <span class='ocrx_word' id='word_1_200' title='bbox 453 2430 825 2507; x_wconf 90' lang='lat' dir='ltr'>speculorum</span> <span class='ocrx_word' id='word_1_201' title='bbox 886 2429 1271 2489; x_wconf 84' lang='lat' dir='ltr'>divisionibus</span> <span class='ocrx_word' id='word_1_202' title='bbox 1338 2430 1493 2488; x_wconf 88' lang='lat' dir='ltr'>circa</span> <span class='ocrx_word' id='word_1_203' title='bbox 1558 2448 1619 2489; x_wconf 88' lang='lat' dir='ltr'>se</span> <span class='ocrx_word' id='word_1_204' title='bbox 1672 2430 2073 2505; x_wconf 87' lang='lat' dir='ltr'>prominentes</span> <span class='ocrx_word' id='word_1_205' title='bbox 2127 2430 2349 2490; x_wconf 90' lang='lat' dir='ltr'>habent</span> 
     </span>
    </p>

    <p class='ocr_par' dir='ltr' id='par_1_11' title="bbox 245 2520 744 2596">
     <span class='ocr_line' id='line_1_26' title="bbox 245 2520 744 2596; baseline -0.008 -15"><span class='ocrx_word' id='word_1_206' title='bbox 245 2539 299 2581; x_wconf 78' lang='lat'>2⁵</span> <span class='ocrx_word' id='word_1_207' title='bbox 327 2520 744 2596; x_wconf 81' lang='lat' dir='ltr'>expressiones.</span> 
     </span>
    </p>

    <p class='ocr_par' dir='ltr' id='par_1_12' title="bbox 462 2606 2453 2685">
     <span class='ocr_line' id='line_1_27' title="bbox 462 2606 2453 2685; baseline 0.001 -17"><span class='ocrx_word' id='word_1_208' title='bbox 462 2608 568 2668; x_wconf 82' lang='lat' dir='ltr'>Sin</span> <span class='ocrx_word' id='word_1_209' title='bbox 613 2611 813 2667; x_wconf 89' lang='lat' dir='ltr'>autem</span> <span class='ocrx_word' id='word_1_210' title='bbox 858 2608 922 2667; x_wconf 88' lang='lat' dir='ltr'>in</span> <span class='ocrx_word' id='word_1_211' title='bbox 967 2607 1224 2667; x_wconf 85' lang='lat' dir='ltr'>craticiis</span> <span class='ocrx_word' id='word_1_212' title='bbox 1271 2606 1523 2667; x_wconf 85' lang='lat' dir='ltr'>tectoria</span> <span class='ocrx_word' id='word_1_213' title='bbox 1569 2609 1743 2665; x_wconf 90' lang='lat' dir='ltr'>erunt</span> <span class='ocrx_word' id='word_1_214' title='bbox 1786 2608 2086 2683; x_wconf 85' lang='lat' dir='ltr'>facienda,</span> <span class='ocrx_word' id='word_1_215' title='bbox 2133 2607 2345 2685; x_wconf 89' lang='lat' dir='ltr'>quibus</span> <span class='ocrx_word' id='word_1_216' title='bbox 2386 2622 2453 2670; x_wconf 85' lang='lat'>11</span> 
     </span>
    </p>

    <p class='ocr_par' dir='ltr' id='par_1_13' title="bbox 215 2689 2347 2957">
     <span class='ocr_line' id='line_1_28' title="bbox 215 2689 2347 2779; baseline -0.002 -20"><span class='ocrx_word' id='word_1_217' title='bbox 215 2689 339 2779; x_wconf 79' lang='grc' dir='ltr'><strong>(15)Ι</strong></span> <span class='ocrx_word' id='word_1_218' title='bbox 379 2716 612 2757; x_wconf 90' lang='lat' dir='ltr'>necesse</span> <span class='ocrx_word' id='word_1_219' title='bbox 677 2700 769 2757; x_wconf 88' lang='lat' dir='ltr'>est</span> <span class='ocrx_word' id='word_1_220' title='bbox 830 2697 895 2755; x_wconf 91' lang='lat' dir='ltr'>in</span> <span class='ocrx_word' id='word_1_221' title='bbox 957 2696 1291 2755; x_wconf 87' lang='lat' dir='ltr'>arrectariis</span> <span class='ocrx_word' id='word_1_222' title='bbox 1347 2698 1407 2755; x_wconf 83' lang='lat' dir='ltr'>et</span> <span class='ocrx_word' id='word_1_223' title='bbox 1469 2696 1912 2756; x_wconf 79' lang='lat' dir='ltr'>transversariis</span> <span class='ocrx_word' id='word_1_224' title='bbox 1964 2697 2146 2757; x_wconf 89' lang='lat' dir='ltr'>rimas</span> <span class='ocrx_word' id='word_1_225' title='bbox 2200 2696 2347 2771; x_wconf 86' lang='lat' dir='ltr'>fieri,</span> 
     </span>
     <span class='ocr_line' id='line_1_29' title="bbox 324 2784 2345 2862; baseline 0 -19"><span class='ocrx_word' id='word_1_226' title='bbox 324 2786 457 2846; x_wconf 90' lang='lat' dir='ltr'>ideo</span> <span class='ocrx_word' id='word_1_227' title='bbox 505 2786 663 2862; x_wconf 87' lang='lat' dir='ltr'>quod</span> <span class='ocrx_word' id='word_1_228' title='bbox 706 2786 835 2845; x_wconf 90' lang='lat' dir='ltr'>luto</span> <span class='ocrx_word' id='word_1_229' title='bbox 882 2804 1018 2844; x_wconf 89' lang='lat' dir='ltr'>cum</span> <span class='ocrx_word' id='word_1_230' title='bbox 1061 2785 1331 2844; x_wconf 80' lang='lat' dir='ltr'>linuntur</span> <span class='ocrx_word' id='word_1_231' title='bbox 1366 2784 1695 2843; x_wconf 88' lang='lat' dir='ltr'>necessario</span> <span class='ocrx_word' id='word_1_232' title='bbox 1732 2786 2030 2861; x_wconf 87' lang='lat' dir='ltr'>recipiunt</span> <span class='ocrx_word' id='word_1_233' title='bbox 2063 2804 2345 2861; x_wconf 89' lang='lat' dir='ltr'>umorem,</span> 
     </span>
     <span class='ocr_line' id='line_1_30' title="bbox 326 2872 2345 2957; baseline 0 -24"><span class='ocrx_word' id='word_1_234' title='bbox 326 2894 460 2933; x_wconf 89' lang='lat' dir='ltr'>cum</span> <span class='ocrx_word' id='word_1_235' title='bbox 514 2878 714 2957; x_wconf 77' lang='lat' dir='ltr'>autem</span> <span class='ocrx_word' id='word_1_236' title='bbox 769 2876 1046 2934; x_wconf 89' lang='lat' dir='ltr'>arescunt</span> <span class='ocrx_word' id='word_1_237' title='bbox 1100 2872 1403 2933; x_wconf 81' lang='lat' dir='ltr'>extenuati</span> <span class='ocrx_word' id='word_1_238' title='bbox 1445 2872 1510 2931; x_wconf 93' lang='lat' dir='ltr'>in</span> <span class='ocrx_word' id='word_1_239' title='bbox 1554 2873 1818 2933; x_wconf 88' lang='lat' dir='ltr'>tectoriis</span> <span class='ocrx_word' id='word_1_240' title='bbox 1872 2874 2103 2933; x_wconf 87' lang='lat' dir='ltr'>faciunt</span> <span class='ocrx_word' id='word_1_241' title='bbox 2144 2875 2345 2950; x_wconf 82' lang='lat' dir='ltr'>rimaS,</span> 
     </span>
    </p>

    <p class='ocr_par' dir='ltr' id='par_1_14' title="bbox 241 2961 2343 3128">
     <span class='ocr_line' id='line_1_31' title="bbox 241 2961 2343 3037; baseline -0.001 -13"><span class='ocrx_word' id='word_1_242' title='bbox 241 2984 297 3024; x_wconf 81' lang='lat'>30</span> <span class='ocrx_word' id='word_1_243' title='bbox 323 2964 385 3022; x_wconf 89' lang='lat' dir='ltr'>id</span> <span class='ocrx_word' id='word_1_244' title='bbox 430 2967 500 3023; x_wconf 89' lang='lat' dir='ltr'>ut</span> <span class='ocrx_word' id='word_1_245' title='bbox 542 2983 663 3023; x_wconf 92' lang='lat' dir='ltr'>non</span> <span class='ocrx_word' id='word_1_246' title='bbox 705 2963 816 3022; x_wconf 89' lang='lat' dir='ltr'>fiat</span> <span class='ocrx_word' id='word_1_247' title='bbox 858 2964 1004 3022; x_wconf 92' lang='lat' dir='ltr'>haec</span> <span class='ocrx_word' id='word_1_248' title='bbox 1050 2962 1164 3021; x_wconf 87' lang='lat' dir='ltr'>erit</span> <span class='ocrx_word' id='word_1_249' title='bbox 1207 2961 1379 3019; x_wconf 77' lang='lat' dir='ltr'>ratio,</span> <span class='ocrx_word' id='word_1_250' title='bbox 1456 2979 1589 3019; x_wconf 89' lang='lat' dir='ltr'>cum</span> <span class='ocrx_word' id='word_1_251' title='bbox 1633 2962 1829 3037; x_wconf 89' lang='lat' dir='ltr'>paries</span> <span class='ocrx_word' id='word_1_252' title='bbox 1873 2965 2036 3022; x_wconf 90' lang='lat' dir='ltr'>totus</span> <span class='ocrx_word' id='word_1_253' title='bbox 2082 2963 2209 3022; x_wconf 89' lang='lat' dir='ltr'>luto</span> <span class='ocrx_word' id='word_1_254' title='bbox 2255 2964 2343 3021; x_wconf 92' lang='lat' dir='ltr'>in-</span> 
     </span>
     <span class='ocr_line' id='line_1_32' title="bbox 325 3051 2343 3128; baseline 0 -17"><span class='ocrx_word' id='word_1_255' title='bbox 325 3054 604 3128; x_wconf 86' lang='lat' dir='ltr'>quinatus</span> <span class='ocrx_word' id='word_1_256' title='bbox 648 3053 847 3127; x_wconf 80' lang='lat' dir='ltr'>fuerit,</span> <span class='ocrx_word' id='word_1_257' title='bbox 890 3055 1034 3111; x_wconf 90' lang='lat' dir='ltr'>tunc</span> <span class='ocrx_word' id='word_1_258' title='bbox 1076 3051 1141 3109; x_wconf 90' lang='lat' dir='ltr'>in</span> <span class='ocrx_word' id='word_1_259' title='bbox 1187 3068 1255 3108; x_wconf 92' lang='lat' dir='ltr'>eo</span> <span class='ocrx_word' id='word_1_260' title='bbox 1303 3068 1480 3126; x_wconf 91' lang='lat' dir='ltr'>opere</span> <span class='ocrx_word' id='word_1_261' title='bbox 1534 3068 1759 3109; x_wconf 85' lang='lat' dir='ltr'>cannae</span> <span class='ocrx_word' id='word_1_262' title='bbox 1805 3051 1990 3111; x_wconf 87' lang='lat' dir='ltr'>clavis</span> <span class='ocrx_word' id='word_1_263' title='bbox 2034 3053 2343 3111; x_wconf 88' lang='lat' dir='ltr'>muscariis</span> 
     </span>
    </p>
   </div>
   <div class='ocr_carea' id='block_1_3' title="bbox 323 3174 749 3182">
    <p class='ocr_par' dir='ltr' id='par_1_15' title="bbox 323 3174 749 3182">
     <span class='ocr_line' id='line_1_33' title="bbox 323 3174 749 3182; baseline 0 745"><span class='ocrx_word' id='word_1_264' title='bbox 323 3174 749 3182; x_wconf 95' lang='lat' dir='ltr'> </span> 
     </span>
    </p>
   </div>
   <div class='ocr_carea' id='block_1_4' title="bbox 319 3217 2344 3663">
    <p class='ocr_par' dir='ltr' id='par_1_16' title="bbox 319 3217 2344 3663">
     <span class='ocr_line' id='line_1_34' title="bbox 467 3217 2341 3291; baseline 0.001 -17"><span class='ocrx_word' id='word_1_265' title='bbox 467 3228 492 3274; x_wconf 93' lang='lat'>1</span> <span class='ocrx_word' id='word_1_266' title='bbox 532 3220 671 3289; x_wconf 84' lang='lat' dir='ltr'>itaq,</span> <span class='ocrx_word' id='word_1_267' title='bbox 698 3239 754 3276; x_wconf 73' lang='grc' dir='ltr'>ω.</span> <span class='ocrx_word' id='word_1_268' title='bbox 783 3225 801 3290; x_wconf 78' lang='lat'>11</span> <span class='ocrx_word' id='word_1_269' title='bbox 832 3227 860 3274; x_wconf 79' lang='lat'>7</span> <span class='ocrx_word' id='word_1_270' title='bbox 890 3219 1172 3291; x_wconf 89' lang='lat' dir='ltr'>optinebit</span> <span class='ocrx_word' id='word_1_271' title='bbox 1197 3220 1268 3273; x_wconf 84' lang='lat' dir='ltr'><em>H</em></span> <span class='ocrx_word' id='word_1_272' title='bbox 1274 3220 1351 3275; x_wconf 72' lang='lat' dir='ltr'>G:</span> <span class='ocrx_word' id='word_1_273' title='bbox 1389 3217 1627 3273; x_wconf 87' lang='lat' dir='ltr'>habebit</span> <span class='ocrx_word' id='word_1_274' title='bbox 1654 3220 1706 3274; x_wconf 81' lang='lat' dir='ltr'>S.</span> <span class='ocrx_word' id='word_1_275' title='bbox 1736 3221 1755 3290; x_wconf 81' lang='grc' dir='ltr'>ΙΙ</span> <span class='ocrx_word' id='word_1_276' title='bbox 1784 3225 1815 3273; x_wconf 93' lang='grc'>8</span> <span class='ocrx_word' id='word_1_277' title='bbox 1844 3220 2085 3275; x_wconf 88' lang='lat' dir='ltr'>incertas</span> <span class='ocrx_word' id='word_1_278' title='bbox 2124 3222 2182 3275; x_wconf 84' lang='lat' dir='ltr'>et</span> <span class='ocrx_word' id='word_1_279' title='bbox 2212 3221 2341 3276; x_wconf 77' lang='lat' dir='ltr'>GS:</span> 
     </span>
     <span class='ocr_line' id='line_1_35' title="bbox 320 3288 2343 3362; baseline -0 -17"><span class='ocrx_word' id='word_1_280' title='bbox 320 3289 537 3347; x_wconf 85' lang='lat' dir='ltr'>incerta</span> <span class='ocrx_word' id='word_1_281' title='bbox 557 3335 568 3346; x_wconf 91' lang='lat'><strong>.</strong></span> <span class='ocrx_word' id='word_1_282' title='bbox 591 3292 690 3347; x_wconf 88' lang='lat' dir='ltr'>sed</span> <span class='ocrx_word' id='word_1_283' title='bbox 720 3292 796 3347; x_wconf 90' lang='lat' dir='ltr'>H.</span> <span class='ocrx_word' id='word_1_284' title='bbox 824 3294 842 3362; x_wconf 84' lang='grc' dir='ltr'>ΙΙ</span> <span class='ocrx_word' id='word_1_285' title='bbox 871 3298 902 3345; x_wconf 88' lang='grc'>9</span> <span class='ocrx_word' id='word_1_286' title='bbox 931 3290 1286 3347; x_wconf 86' lang='lat' dir='ltr'>remissiones</span> <span class='ocrx_word' id='word_1_287' title='bbox 1323 3288 1637 3360; x_wconf 84' lang='lat' dir='ltr'>splendoris</span> <span class='ocrx_word' id='word_1_288' title='bbox 1669 3291 1745 3346; x_wconf 71' lang='lat' dir='ltr'>G:</span> <span class='ocrx_word' id='word_1_289' title='bbox 1783 3290 2127 3345; x_wconf 88' lang='lat' dir='ltr'>remissiores</span> <span class='ocrx_word' id='word_1_290' title='bbox 2156 3291 2343 3360; x_wconf 83' lang='lat' dir='ltr'>splen-</span> 
     </span>
     <span class='ocr_line' id='line_1_36' title="bbox 322 3361 2344 3435; baseline -0 -19"><span class='ocrx_word' id='word_1_291' title='bbox 322 3362 482 3417; x_wconf 85' lang='lat' dir='ltr'>dores</span> <span class='ocrx_word' id='word_1_292' title='bbox 521 3363 647 3419; x_wconf 82' lang='lat' dir='ltr'>HS.</span> <span class='ocrx_word' id='word_1_293' title='bbox 702 3366 721 3433; x_wconf 86' lang='grc' dir='ltr'>ΙΙ</span> <span class='ocrx_word' id='word_1_294' title='bbox 777 3368 842 3416; x_wconf 80' lang='lat'>12</span> <span class='ocrx_word' id='word_1_295' title='bbox 879 3363 1066 3418; x_wconf 76' lang='lat' dir='ltr'>redd&amp;</span> <span class='ocrx_word' id='word_1_296' title='bbox 1094 3364 1198 3431; x_wconf 85' lang='lat' dir='ltr'>(·et</span> <span class='ocrx_word' id='word_1_297' title='bbox 1226 3362 1298 3432; x_wconf 85' lang='lat' dir='ltr'>G)</span> <span class='ocrx_word' id='word_1_298' title='bbox 1334 3379 1389 3416; x_wconf 74' lang='grc' dir='ltr'>ω.</span> <span class='ocrx_word' id='word_1_299' title='bbox 1445 3363 1463 3430; x_wconf 88' lang='grc' dir='ltr'>ΙΙ</span> <span class='ocrx_word' id='word_1_300' title='bbox 1520 3365 1584 3413; x_wconf 85' lang='grc'>13</span> <span class='ocrx_word' id='word_1_301' title='bbox 1623 3361 1861 3415; x_wconf 87' lang='lat' dir='ltr'>materia</span> <span class='ocrx_word' id='word_1_302' title='bbox 1900 3362 1977 3417; x_wconf 70' lang='lat' dir='ltr'>G:</span> <span class='ocrx_word' id='word_1_303' title='bbox 2026 3378 2126 3416; x_wconf 87' lang='lat' dir='ltr'>om.</span> <span class='ocrx_word' id='word_1_304' title='bbox 2158 3362 2285 3417; x_wconf 83' lang='lat' dir='ltr'>HS.</span> <span class='ocrx_word' id='word_1_305' title='bbox 2322 3362 2344 3435; x_wconf 79' lang='grc' dir='ltr'>ΙΙ</span> 
     </span>
     <span class='ocr_line' id='line_1_37' title="bbox 325 3432 2342 3504; baseline 0 -19"><span class='ocrx_word' id='word_1_306' title='bbox 325 3438 390 3485; x_wconf 83' lang='grc'>15</span> <span class='ocrx_word' id='word_1_307' title='bbox 418 3433 707 3488; x_wconf 87' lang='lat' dir='ltr'>soliditate</span> <span class='ocrx_word' id='word_1_308' title='bbox 733 3434 802 3488; x_wconf 86' lang='lat' dir='ltr'><strong><em>H</em></strong></span> <span class='ocrx_word' id='word_1_309' title='bbox 811 3435 885 3490; x_wconf 77' lang='lat' dir='ltr'>G:</span> <span class='ocrx_word' id='word_1_310' title='bbox 915 3433 1158 3488; x_wconf 86' lang='lat' dir='ltr'>solidate</span> <span class='ocrx_word' id='word_1_311' title='bbox 1182 3433 1227 3489; x_wconf 75' lang='lat' dir='ltr'><strong><em>S</em></strong></span> <span class='ocrx_word' id='word_1_312' title='bbox 1249 3434 1340 3503; x_wconf 81' lang='lat' dir='ltr'>(cf.</span> <span class='ocrx_word' id='word_1_313' title='bbox 1371 3433 1546 3486; x_wconf 85' lang='lat' dir='ltr'>-datae</span> <span class='ocrx_word' id='word_1_314' title='bbox 1567 3432 1656 3501; x_wconf 90' lang='lat' dir='ltr'>L).</span> <span class='ocrx_word' id='word_1_315' title='bbox 1690 3434 1699 3501; x_wconf 80' lang='grc' dir='ltr'>Ι</span> <span class='ocrx_word' id='word_1_316' title='bbox 1732 3432 2131 3486; x_wconf 86' lang='lat' dir='ltr'>crassitudines</span> <span class='ocrx_word' id='word_1_317' title='bbox 2155 3432 2163 3504; x_wconf 69' lang='grc' dir='ltr'>Ι</span> <span class='ocrx_word' id='word_1_318' title='bbox 2185 3432 2342 3502; x_wconf 84' lang='lat' dir='ltr'>pissa</span> 
     </span>
     <span class='ocr_line' id='line_1_38' title="bbox 325 3503 2339 3603; baseline -0.001 -26"><span class='ocrx_word' id='word_1_319' title='bbox 325 3522 396 3589; x_wconf 75' lang='lat' dir='ltr'>G,</span> <span class='ocrx_word' id='word_1_320' title='bbox 440 3538 532 3575; x_wconf 86' lang='lat' dir='ltr'>·ne</span> <span class='ocrx_word' id='word_1_321' title='bbox 578 3522 733 3603; x_wconf 85' lang='lat' dir='ltr'>pissa</span> <span class='ocrx_word' id='word_1_322' title='bbox 761 3524 879 3593; x_wconf 84' lang='lat' dir='ltr'>(sic)</span> <span class='ocrx_word' id='word_1_323' title='bbox 910 3522 975 3589; x_wconf 82' lang='lat' dir='ltr'>S,</span> <span class='ocrx_word' id='word_1_324' title='bbox 1018 3538 1117 3576; x_wconf 92' lang='lat' dir='ltr'>-ne</span> <span class='ocrx_word' id='word_1_325' title='bbox 1149 3524 1158 3593; x_wconf 81' lang='grc' dir='ltr'>Ι</span> <span class='ocrx_word' id='word_1_326' title='bbox 1191 3520 1373 3591; x_wconf 87' lang='lat' dir='ltr'>spissa</span> <span class='ocrx_word' id='word_1_327' title='bbox 1409 3503 1879 3592; x_wconf 54' lang='lat' dir='ltr'>(-ne1‚²l&lt;s&gt;pissa)</span> <span class='ocrx_word' id='word_1_328' title='bbox 1912 3519 1986 3575; x_wconf 66' lang='lat' dir='ltr'>Ge</span> <span class='ocrx_word' id='word_1_329' title='bbox 2012 3521 2102 3591; x_wconf 86' lang='lat'>(=</span> <span class='ocrx_word' id='word_1_330' title='bbox 2131 3520 2291 3590; x_wconf 90' lang='lat' dir='ltr'><em>HL).</em></span> <span class='ocrx_word' id='word_1_331' title='bbox 2328 3520 2339 3591; x_wconf 84' lang='grc' dir='ltr'>Ι</span> 
     </span>
     <span class='ocr_line' id='line_1_39' title="bbox 319 3591 2227 3663; baseline -0.001 -16"><span class='ocrx_word' id='word_1_332' title='bbox 319 3591 704 3662; x_wconf 89' lang='lat' dir='ltr'>polutiombus</span> <span class='ocrx_word' id='word_1_333' title='bbox 734 3592 802 3647; x_wconf 91' lang='lat' dir='ltr'><strong><em>H</em></strong></span> <span class='ocrx_word' id='word_1_334' title='bbox 827 3592 990 3663; x_wconf 87' lang='lat' dir='ltr'>(poli-</span> <span class='ocrx_word' id='word_1_335' title='bbox 1021 3594 1164 3663; x_wconf 75' lang='lat' dir='ltr'><em>GS).</em></span> <span class='ocrx_word' id='word_1_336' title='bbox 1211 3596 1230 3663; x_wconf 77' lang='lat' dir='ltr'>ss</span> <span class='ocrx_word' id='word_1_337' title='bbox 1275 3599 1341 3647; x_wconf 81' lang='lat'>21</span> <span class='ocrx_word' id='word_1_338' title='bbox 1380 3591 1575 3662; x_wconf 88' lang='lat' dir='ltr'>pisant</span> <span class='ocrx_word' id='word_1_339' title='bbox 1609 3609 1663 3646; x_wconf 80' lang='lat' dir='ltr'>x.</span> <span class='ocrx_word' id='word_1_340' title='bbox 1710 3593 1728 3659; x_wconf 77' lang='grc' dir='ltr'>ΙΙ</span> <span class='ocrx_word' id='word_1_341' title='bbox 1773 3596 1841 3644; x_wconf 82' lang='lat'>29</span> <span class='ocrx_word' id='word_1_342' title='bbox 1879 3594 2134 3646; x_wconf 87' lang='lat' dir='ltr'>arescent</span> <span class='ocrx_word' id='word_1_343' title='bbox 2170 3608 2227 3646; x_wconf 77' lang='lat' dir='ltr'>x.</span> 
     </span>
    </p>
   </div>
  </div>
 </body>
</html>
