2664 3927
333 105 420 169 14
1173 103 1505 158 VITRUVII

327 275 464 315 rum
525 255 881 329 conlocatiO,
951 255 1417 331 opportunitatis
1482 254 1885 314 communium
1946 254 2213 313 locorum
2274 253 2353 312 ad

329 362 503 403 usum
537 344 847 421 publicum
873 334 1223 426 dislpositim
1258 343 1353 402 uti
1385 346 1594 419 portus
1629 344 1763 403 fora
1787 342 2054 419 porticus
2080 343 2350 402 balineae
2370 353 2466 406 (1⁵)

328 433 568 492 theatra
611 432 1109 492 inambulationes
1154 434 1471 508 ceteraque
1508 451 1661 508 quae
1696 431 1886 493 isdem
1921 431 2252 491 rationibus
2287 431 2353 491 in

327 522 583 599 publicis
628 521 774 582 locis
818 520 1222 600 designantur.

260 625 292 675 2
461 611 628 670 Haec
663 612 864 670 autem
899 610 990 668 ita
1023 609 1152 668 fieri
1190 609 1407 669 debent
1442 612 1515 669 ut
1549 609 1842 669 habeatur
1865 609 2022 669 ratio
2049 609 2349 668 firmitatis
2378 630 2405 671 5

328 700 614 760 utilitatis
640 699 987 759 venustatis
1058 698 1361 758 firmitatis
1398 699 1513 757 erit
1544 698 1757 758 habita
1789 699 1966 773 rati0,
2003 717 2134 757 cum
2169 698 2354 758 fuerit

325 778 344 872 Ι
364 788 888 848 fundamentorum
925 787 1003 846 ad
1037 787 1295 847 solidum
1322 786 1621 864 depressio
1660 791 1723 847 et
1719 806 1993 888 ,Quaque
2030 807 2061 846 e
2097 787 2352 846 materia
2369 798 2464 850 (so)

331 878 637 954 copiarum
689 876 815 936 sine
870 877 1128 936 avaritia
1181 875 1433 954 diligens
1489 869 1772 1026 electliffi
1790 875 2073 936 utilitatis
2128 879 2351 950 autem,

330 985 361 1025 c
447 955 460 966 ‘⁴
541 965 822 1026 mendata
867 969 928 1025 et
971 965 1096 1026 sine
1141 965 1506 1042 inpeditione
1546 983 1615 1024 us
1761 984 2003 1026 ocorum
2038 964 2349 1041 dispositio

330 1058 391 1114 et
453 1073 490 1114 a
591 1046 862 1133 regiones
925 1051 1018 1114 sui
1081 1055 1367 1131 cuiusque
1430 1055 1675 1132 generis
1722 1057 1865 1131 apta
1903 1057 1987 1142 'et
2040 1053 2349 1114 commoda
2380 1076 2435 1114 ιο

327 1143 690 1218 distributiO,
767 1145 1058 1203 onustatis
1093 1162 1233 1203 vero
1271 1162 1407 1202 cum
1440 1137 1626 1202 fuerit
1660 1144 1854 1220 operis
1902 1143 2126 1219 species
2170 1144 2345 1221 grata

327 1237 388 1292 et
423 1233 660 1311 elegans
750 1231 1262 1308 membrorumque
1299 1214 1669 1293 commensus
1709 1232 1897 1292 iustas
1942 1231 2163 1291 habeat
2188 1251 2345 1308 sym-
2366 1243 2462 1295 (2⁵)

325 1323 676 1381 meti-iarum
719 1321 1222 1381 ratiocinationes.

221 1418 298 1475 IV
457 1411 529 1470 In
582 1411 728 1488 ipsis
773 1429 914 1470 vero
968 1410 1278 1470 moenibus
1336 1428 1407 1469 ea
1462 1413 1635 1468 erunt
1686 1409 1995 1486 principia.
2084 1409 2346 1485 primum

327 1501 536 1560 electio
601 1499 719 1560 loci
770 1498 1160 1558 saluberrimi.
1260 1499 1312 1558 is
1368 1501 1572 1558 autem
1625 1499 1739 1558 erit
1793 1498 2053 1559 excelsus
2110 1501 2171 1557 et
2227 1516 2347 1557 non
2377 1518 2429 1559 ιε

325 1581 666 1672 nelbulosus
714 1606 832 1647 non
875 1587 1194 1664 pruinosus
1229 1587 1621 1665 regionesque
1658 1587 1808 1647 caeli
1844 1589 2116 1663 spectans
2152 1605 2347 1663 neque
2378 1597 2459 1652 16

329 1678 634 1737 aestuosas
680 1695 872 1752 neque
915 1676 1166 1754 frigidas
1213 1677 1316 1736 sed
1359 1679 1740 1753 temperatas,
1786 1674 1997 1736 deinde
2040 1677 2092 1736 si
2130 1675 2347 1735 vitabi-

327 1769 427 1824 tur
476 1765 763 1842 palustris
805 1764 1098 1825 vicinitas
1190 1785 1324 1825 cum
1380 1766 1539 1824 enim
1592 1783 1772 1824 aurae
1826 1765 2158 1824 matutinae
2214 1783 2348 1823 cum

327 1854 450 1914 sole
495 1854 722 1913 oriente
769 1852 846 1913 ad
900 1854 1185 1931 oppidum
1238 1854 1589 1931 pervenient
1632 1856 1693 1913 et
1741 1854 1834 1914 his
1880 1857 2047 1915 ortae
2091 1853 2346 1913 nebulae

327 1933 751 2027 adiunigentur
811 1943 1177 2021 spiritusque
1230 1943 1561 2005 bestiarum
1612 1943 1969 2021 palustrium
2022 1945 2345 2003 venenatos
2360 1956 2415 1997 20
2430 1956 2497 2009 (5)

327 2052 464 2091 cum
507 2032 726 2092 nebula
769 2033 983 2092 mixtos
1027 2033 1092 2092 in
1135 2033 1543 2093 habitatorum
1579 2052 1827 2109 corpora
1861 2033 2011 2093 flatu
2047 2035 2347 2110 spargent,

329 2121 588 2181 efficient
630 2122 830 2182 locum
871 2122 1266 2198 pestilentem.
1340 2124 1487 2182 item
1522 2124 1574 2182 si
1610 2122 1937 2182 secundum
1970 2139 2133 2181 mare
2172 2124 2349 2179 erunt

325 2212 563 2270 moenia
615 2210 1087 2287 spectabuntque
1142 2212 1221 2270 ad
1269 2210 1579 2271 meridiem
1642 2214 1749 2269 aut
1810 2210 2172 2271 occidentem
2226 2228 2345 2269 non

329 2301 502 2357 erunt
536 2299 820 2373 salubria,
867 2300 1024 2375 quod
1058 2318 1165 2376 per
1201 2302 1490 2360 aestatem
1597 2300 1756 2359 elum
1790 2299 2186 2359 meridianum
2221 2299 2345 2359 sole

327 2388 625 2447 exoriente
665 2382 675 2467 Ι
717 2388 956 2447 calescit
1014 2388 1261 2448 meridie
1317 2388 1511 2463 ardet,
1568 2388 1710 2448 ‘tem
1765 2389 1925 2465 quod
1978 2389 2209 2465 spectat
2262 2388 2341 2447 ad
2350 2400 2506 2453 2600>

328 2476 690 2537 occidentem
725 2478 849 2537 sole
887 2479 1088 2537 exorto
1125 2478 1378 2554 tepescit
1402 2478 1648 2537 meridie
1675 2478 2100 2579 calefflvespere
2136 2478 2343 2537 fervet.

256 2581 287 2631 2
323 2566 514 2644 igitur
554 2566 988 2627 mutationibus
1031 2566 1245 2627 caloris
1292 2568 1354 2625 et
1394 2567 1862 2646 refrigerationis
1908 2585 2157 2643 corpora
2194 2584 2345 2644 quae

325 2656 390 2714 in
433 2655 526 2715 his
562 2655 708 2715 locis
745 2660 884 2715 sunt
918 2656 1224 2715 vitiantur.
1296 2655 1409 2716 hoc
1446 2660 1650 2717 autem
1694 2656 1835 2716 licet
1877 2656 2345 2715 animadvertere

327 2745 510 2805 etiam
573 2764 644 2804 ex
704 2744 757 2805 is
822 2765 974 2822 quae
1038 2764 1157 2805 non
1221 2748 1364 2805 sunt
1426 2745 1727 2805 animalia.
1830 2744 1895 2803 in
1958 2745 2123 2805 cellis
2187 2744 2345 2803 enim

324 2832 570 2893 vinariis
615 2835 786 2893 tectis
827 2826 836 2916 Ι
876 2835 1104 2893 lumina
1148 2852 1319 2893 nemo
1367 2834 1529 2912 capit
1574 2854 1612 2893 a
1656 2833 1900 2893 meridie
1937 2853 2044 2893 nec
2082 2833 2156 2893 ab
2194 2832 2504 2895 occi-⁸⁰0⁵>

468 3044 500 3092 2
532 3036 620 3092 uti
645 3036 781 3093 HS:
819 3038 885 3091 ut
913 3038 980 3094 G.
1015 3038 1023 3109 Ι
1053 3037 1283 3093 balinea
1309 3039 1391 3106 H,
1426 3039 1633 3093 balnea
1658 3038 1856 3096 H⁶SG
1882 3041 1901 3109 ΙΙ
1928 3044 1960 3093 3
1998 3037 2219 3093 hisdem
2244 3054 2299 3091 x.
2322 3036 2343 3109 Η

324 3116 359 3164 4
395 3108 533 3165 locis
572 3108 626 3165 G
659 3114 711 3163 et
746 3109 936 3179 (supra
973 3108 1072 3163 lin.
1108 3109 1211 3179 ips.
1249 3111 1401 3181 add.)
1438 3110 1501 3166 S:
1547 3127 1650 3166 ont.
1688 3109 1765 3166 H.
1794 3113 1872 3180 11⁷
1912 3112 1971 3165 et
2005 3126 2105 3166 om.
2141 3126 2209 3178 ω,
2242 3109 2342 3163 ubi

317 3197 424 3250 pro
471 3176 754 3250 depressio
799 3178 1111 3251 (depraesio
1139 3179 1230 3250 H)
1267 3196 1491 3251 quaque
1517 3181 1586 3235 H
1594 3181 1647 3237 G
1680 3183 1755 3235 ἐπ’·
1787 3197 1991 3237 rasura
2030 3183 2110 3237 sic
2156 3178 2340 3250 dispo-

326 3250 458 3305 sitio
495 3250 543 3304 &
579 3255 646 3305 οὔ
688 3248 797 3305 erit
840 3252 1005 3308 libere
1036 3258 1102 3306 ut
1134 3252 1267 3308 solet
1301 3254 1419 3323 ipse
1451 3253 1678 3323 corriyit
1712 3252 1766 3308 S.
1804 3253 1824 3322 ΙΙ
1859 3258 1891 3307 9
1929 3269 2058 3307 cum
2092 3267 2193 3314 om.
2230 3268 2284 3305 x.
2328 3250 2336 3322 Ι

325 3338 430 3376 usu
455 3339 511 3377 x.
538 3324 558 3392 ΙΙ
588 3328 654 3375 12
693 3321 1096 3391 emembrorfiffl
1137 3322 1222 3377 ΗΟ
1248 3350 1317 3371 .---
1345 3321 1829 3392 membrorumque
1859 3324 1912 3381 G‘
1948 3320 2342 3395 (membrorum

325 3392 383 3460 S,
427 3395 522 3461 qui
565 3410 666 3449 om.
713 3395 857 3463 que).
905 3396 923 3465 ΙΙ
970 3399 1037 3448 14
1074 3410 1143 3449 ea
1187 3396 1335 3465 (ante
1370 3398 1530 3464 corr.)
1566 3411 1665 3450 om.
1708 3394 1774 3450 G.
1821 3398 1841 3465 ΙΙ
1888 3400 1952 3447 17
1992 3394 2065 3451 si:
2114 3393 2195 3448 sic
2230 3410 2284 3449 ω.
2320 3393 2343 3464 Η

326 3468 397 3517 24
433 3462 583 3530 quod
611 3464 746 3521 HS:
785 3464 920 3532 quia
951 3466 1018 3521 G.
1047 3466 1066 3535 ΙΙ
1093 3471 1161 3520 28
1197 3466 1495 3522 vitiantur:
1532 3468 1613 3521 sic
1646 3482 1702 3521 x.
1730 3468 1751 3536 ΙΙ
1778 3471 1845 3520 29
1882 3465 1955 3522 is:
1992 3465 2080 3520 his
2108 3483 2162 3520 x.
