2664 3927
767 175 863 229 DE
901 173 1462 230 ARCHITECTURA
1496 175 1630 231 LIB.
1668 174 1709 244 I,
1749 181 1797 228 2.
1838 180 1869 226 3
2248 173 2329 237 13

199 339 289 392 (10)
313 326 660 386 obscuratur
704 325 845 386 solis
892 345 1066 384 cursu
1105 319 1114 402 1
1155 325 1258 385 sed
1303 328 1395 384 est
1440 327 1601 384 certa
1646 324 2017 384 inmutabilis
2061 325 2154 384 die
2199 345 2331 401 per-

311 418 514 491 petu0.

446 503 804 562 Distributio
852 505 1052 561 autem
1098 505 1188 562 est
1232 503 1539 579 copiarum
1582 504 1817 579 locique
1865 502 2172 562 commoda
2216 502 2332 562 dis·
2370 517 2402 566 8

311 593 582 669 pensatio
632 610 930 668 parcaque
981 591 1046 649 in
1093 591 1367 667 operibus
1414 595 1683 669 sumptus
1730 611 1863 650 cum
1906 593 2137 650 ratione
2182 593 2331 650 tem-

259 702 284 742 5
311 683 560 758 perati0.
650 682 797 740 haec
840 681 930 739 ita
975 680 1410 756 observabitur,
1458 681 1509 740 si
1552 682 1814 757 primum
1860 680 2214 740 architectus
2261 700 2333 739 ea

312 789 433 830 non
490 774 738 846 quaeret
792 787 944 844 quae
997 787 1117 826 non
1168 771 1456 845 poterunt
1508 770 1761 829 inveniri
1818 773 1927 828 aut
1971 769 2173 845 parari
2215 769 2334 829 nisi

204 870 294 922 (15)
313 878 547 936 magnO.
591 853 598 937 Ι
639 877 899 933 namque
933 875 1054 915 non
1100 858 1370 917 omnibus
1415 859 1560 918 locis
1605 860 1863 918 harenae
1908 859 2179 918 fossiciae
2224 877 2333 916 nec

314 949 756 1007 caementorum
807 965 916 1006 nec
968 947 1180 1005 abietis
1241 966 1349 1006 nec
1402 949 1789 1023 sappinorum
1850 966 1959 1006 nec
2021 947 2332 1006 marmoris

317 1039 488 1113 copia
533 1038 642 1110 est,
687 1035 789 1095 sed
835 1034 998 1093 aliud
1045 1036 1163 1095 alio
1209 1036 1341 1094 loco
1386 1036 1668 1112 nascitur,
1711 1055 1963 1112 quorum
2003 1039 2332 1112 comporta-

235 1147 289 1186 ιο
315 1127 508 1186 tiones
557 1123 824 1184 difficiles
880 1127 1018 1184 sunt
1073 1127 1134 1183 et
1179 1126 1578 1200 sumptuosae.
1667 1125 1953 1184 utendum
1998 1129 2199 1184 autem
2245 1127 2335 1183 est

317 1215 422 1273 ubi
473 1232 593 1271 non
647 1216 737 1272 est
787 1214 1012 1272 harena
1064 1213 1330 1287 fossicia,
1384 1213 1691 1272 fluviatica
1747 1216 1852 1271 aut
1903 1214 2135 1272 marina
2190 1214 2335 1288 lota,

207 1316 299 1365 (20)
317 1303 554 1378 inopiae
593 1321 828 1379 quoque
869 1298 876 1381 Ι
917 1301 1132 1361 abietis
1171 1303 1278 1360 aut
1312 1302 1698 1377 sappinorum
1731 1302 2081 1360 vitabuntur
2114 1303 2334 1361 utendo

319 1410 592 1467 cupresso
638 1392 859 1468 populo
906 1391 1066 1450 ulmo
1104 1392 1269 1467 pinu,
1313 1391 1665 1466 reliquaque
1709 1391 1803 1448 his
1849 1391 2124 1449 similiter
2161 1394 2336 1449 erunt

320 1480 682 1557 explicanda.
756 1480 910 1539 alter
949 1480 1170 1558 gradus
1216 1480 1331 1539 erit
1368 1479 1819 1552 distributioniS,
1864 1498 1997 1537 cum
2042 1479 2120 1537 ad
2164 1499 2337 1538 usum
2374 1496 2405 1543 9

239 1590 290 1630 15
318 1573 558 1646 patrum
614 1570 984 1628 familiarum
1038 1573 1146 1628 aut
1201 1570 1276 1628 ad
1329 1569 1614 1645 pecuniae
1666 1569 1900 1644 copiam
1944 1571 2051 1626 aut
2096 1568 2173 1626 ad
2218 1569 2335 1626 elo-

321 1660 600 1734 quentiae
647 1659 1003 1736 dignitatem
1049 1658 1318 1717 aedificia
1364 1658 1541 1716 aliter
1585 1658 1985 1734 disponentur.
2076 1675 2337 1732 namque

208 1760 299 1810 (25)
320 1749 498 1806 aliter
558 1748 816 1806 urbanas
879 1747 1082 1806 domos
1148 1739 1437 1828 oporfltere
1502 1747 1784 1806 constitui
1836 1747 2097 1821 videtur,
2162 1746 2339 1804 aliter

213 1846 291 1900 15
324 1837 537 1911 quibus
567 1856 636 1894 ex
665 1837 1134 1912 possessionibus
1169 1827 1427 1917 rustiflcis
1462 1835 1723 1894 influunt
1756 1837 2001 1908 fructus,
2036 1855 2156 1894 non
2192 1836 2339 1894 item

320 1924 777 1999 feneratoribus,
840 1926 1014 1984 aliter
1074 1924 1266 1985 beatis
1331 1927 1393 1984 et
1446 1925 1741 1999 delicatis,
1804 1925 2145 2001 potentibus
2198 1944 2337 1985 vero

240 2036 295 2075 20
326 2032 577 2089 quorum
640 2014 1097 2091 cogitationibus
1159 2014 1494 2090 respublica
1556 2014 1945 2091 gubernatur,
2018 2014 2095 2073 ad
2166 2034 2338 2073 usum

323 2102 809 2177 conlocabuntur,
873 2106 932 2161 et
987 2104 1224 2162 omnino
1279 2103 1587 2162 faciendae
1641 2105 1779 2162 sunt
1832 2105 2010 2179 aptae
2066 2103 2337 2162 omnibus

321 2191 589 2268 personis
635 2190 1035 2251 aedificiorum
1079 2192 1545 2252 distributiones.

244 2292 304 2344 (5)
461 2272 702 2362 {Partes
746 2279 930 2356 ipsius
969 2282 1399 2341 architecturae
1437 2282 1575 2341 sunt
1619 2283 1759 2355 tres,
1800 2280 2150 2355 aedificatio,
2194 2299 2337 2357 gno·
2369 2288 2449 2343 111

322 2370 567 2445 monice,
613 2370 990 2429 machinatio.
1065 2370 1396 2430 aedificatio
1440 2373 1641 2429 autem
1677 2369 1869 2429 divisa
1906 2372 1997 2429 est
2040 2369 2341 2444 bipertitO,

242 2480 295 2519 25
326 2479 356 2517 e
413 2458 624 2534 quibus
688 2477 808 2516 una
873 2461 962 2517 est
1022 2460 1322 2518 moenium
1386 2462 1447 2517 et
1510 2459 1911 2519 communium
1970 2477 2216 2534 operum
2278 2459 2341 2515 in

322 2547 576 2624 publicis
611 2547 755 2605 locis
793 2548 1140 2622 conlocatio,
1177 2549 1369 2607 altera
1405 2551 1497 2607 est
1530 2549 1904 2624 privatorum
1940 2547 2343 2607 aedificiorum

326 2637 659 2712 explicatio.
749 2635 1124 2712 publicorum
1177 2640 1380 2695 autem
1434 2636 1881 2697 distributiones
1934 2638 2073 2695 sunt
2115 2640 2261 2711 tres,
2310 2656 2341 2694 e

217 2736 305 2788 (10)
326 2716 556 2807 quilbus
603 2726 695 2784 est
727 2745 848 2783 una
885 2725 1257 2801 defensionis,
1304 2726 1496 2785 altera
1540 2725 1866 2801 religionis,
1910 2725 2090 2783 tertia
2128 2744 2340 2800 oppor-

323 2814 617 2873 tunitatis
683 2813 1039 2873 defensionis
1068 2817 1158 2872 est
1191 2833 1494 2873 murorum
1529 2815 1903 2889 turriumque
1940 2816 2001 2871 et
2035 2814 2343 2888 portarum

244 2924 297 2964 30
321 2904 478 2961 ratio
526 2903 602 2961 ad
644 2903 906 2961 hostium
949 2904 1206 2977 impetus
1251 2905 1539 2979 perpetuo
1583 2902 1953 2978 repellendos
1992 2903 2343 2979 excogitata,

323 2992 628 3070 religionis
675 2992 920 3050 deorum
965 2992 1374 3050 inmortalium
1425 2993 1704 3049 fanorum
1749 2992 2103 3067 aediumque
2148 3009 2340 3051 sacra-

465 3186 501 3233 4
538 3184 606 3233 cii
645 3181 836 3249 (supra
871 3180 1000 3235 add.
1037 3180 1163 3249 ips.)
1202 3176 1246 3233 S
1277 3179 1441 3247 (wnde
1475 3180 1625 3248 νεώς
1670 3196 1767 3234 om.
1808 3179 1879 3233 H
1887 3179 1937 3235 G
1963 3182 1982 3249 ΙΙ
2010 3185 2043 3233 6
2078 3179 2344 3248 poterunt

327 3251 379 3305 G
423 3257 474 3306 et
517 3251 601 3321 (in
642 3253 774 3320 ras.)
808 3249 870 3306 S:
915 3251 1220 3320 potuerunt
1246 3250 1309 3303 H
1350 3248 1511 3319 (-rint
1542 3251 1691 3321 Pcv).
1747 3252 1767 3321 ΙΙ
1822 3256 1885 3304 11
1934 3249 2053 3304 lota
2098 3266 2161 3305 x:
2218 3248 2347 3303 loca

327 3322 421 3391 (L)
436 3322 524 3377 θ’).
553 3324 572 3391 ΙΙ
602 3328 667 3375 13
703 3320 922 3390 reliqua
958 3337 1066 3389 que
1094 3321 1162 3376 H
1193 3323 1411 3391 (·quaq,
1441 3320 1533 3391 S)=
1579 3320 1851 3389 reliquaq;
1890 3338 1998 3392 que
2038 3321 2106 3377 G.
2144 3322 2163 3390 ΙΙ
2201 3325 2267 3374 15
2304 3320 2341 3374 f.

329 3392 376 3445 Sc
403 3392 478 3446 ad
504 3412 559 3462 p.
587 3410 642 3448 x.
671 3394 690 3461 ΙΙ
721 3397 784 3445 16
815 3392 930 3446 alte
967 3395 1079 3463 (·ae
1108 3410 1159 3447 a.
1189 3410 1233 3447 r.
1264 3393 1350 3463 H)
1387 3391 1530 3461 disp.
1558 3410 1599 3447 x
1625 3392 1813 3463 (aliter
1840 3392 1926 3461 L).
1954 3393 1975 3462 ΙΙ
2006 3396 2069 3444 17
2098 3391 2345 3446 urbanas

329 3463 464 3519 HS:
504 3481 628 3518 -nos
662 3464 727 3519 G.
761 3466 772 3533 Ι
804 3463 1052 3517 construi
1087 3464 1141 3520 S.
1187 3466 1206 3533 ΙΙ
1254 3470 1319 3517 18
1356 3462 1509 3518 idem
1544 3482 1599 3520 x.
1640 3466 1659 3533 ΙΙ
1700 3468 1767 3517 25
1805 3479 1862 3517 e:
1906 3478 1973 3516 ex
2009 3462 2061 3517 S.
2099 3464 2119 3533 ΙΙ
2155 3468 2221 3515 28
2260 3464 2347 3517 est

330 3550 442 3588 una
469 3534 608 3591 HS:
645 3550 758 3588 una
795 3536 882 3588 est
915 3534 981 3589 G.
1009 3536 1028 3604 ΙΙ
1055 3540 1120 3588 31
1162 3550 1445 3590 sacrorum
1479 3552 1535 3590 x.
