2664 3927
233 335 300 383 17

237 1756 304 1805 18

289 2462 316 2516 1

342 169 471 234 160
1184 169 1516 224 VITRUvu

339 320 612 397 pertexit.
711 339 846 378 eam
909 323 1112 380 autem
1172 324 1383 396 postea
1446 341 1581 379 cum
1644 321 1981 378 Demetrius
2043 319 2368 378 Phalereus

337 409 590 468 Athenis
645 428 844 468 rerum
897 410 1213 485 potiretur,
1265 409 1441 468 Philo
1496 412 1637 468 ante
1690 409 1983 484 templum
2043 409 2109 466 in
2170 409 2369 468 fronte

339 499 629 558 columnis
675 499 1014 558 constitutis
1069 499 1383 575 prostylon
1437 498 1597 557 fecit.
1686 498 1777 556 ita
1832 501 2006 557 aucto
2052 489 2367 578 vestilbulo
2391 508 2482 563 (15)

339 589 750 646 laxamentum
803 587 1180 646 initiantibus
1227 588 1510 663 operique
1564 605 1859 645 summam
1902 586 2125 652 adiecit
2168 590 2371 646 aucto-

337 677 598 735 ritatem.
687 676 752 734 in
806 678 943 752 asty
994 695 1135 735 vero
1192 673 1473 752 Olympio
1527 676 1728 752 amplo
1782 675 2159 735 modulorum
2212 695 2369 736 com·
2398 697 2425 736 5

339 767 558 841 paratu
603 765 910 824 corinthiis
965 765 1326 841 symmetriis
1374 768 1435 824 et
1478 764 1988 841 proportionibuS‚
2043 764 2135 822 uti
2188 783 2371 841 supra

339 854 629 929 scriptum
683 856 798 928 est,
853 853 1365 913 architectandum
1410 853 1717 914 Cossutius
1768 854 2093 929 suscepisse
2148 873 2369 913 memo-

339 944 526 1016 ratur,
589 943 755 1001 cuius
819 943 1310 1002 commentarium
1373 942 1605 1001 nullum
1669 945 1761 1002 est
1823 944 2151 1001 inventum.
2259 963 2367 1002 nec

339 1033 544 1090 tamen
587 1050 624 1088 a
671 1029 943 1090 Cossutio
985 1024 994 1113 Ι
1036 1032 1230 1090 solum
1273 1032 1349 1090 de
1392 1033 1485 1090 his
1532 1031 1706 1091 rebus
1762 1031 1986 1108 scripta
2032 1034 2171 1090 sunt
2214 1031 2368 1090 desi·
2389 1043 2479 1094 (ευ)

339 1119 604 1178 deranda
649 1120 751 1178 sed
805 1121 988 1179 etiam
1033 1139 1070 1178 a
1118 1119 1187 1179 G.
1233 1121 1457 1196 Muci0‚
1513 1122 1619 1196 qui
1669 1139 1891 1198 magna
1936 1120 2185 1179 scientia
2230 1139 2368 1179 con·
2397 1142 2452 1181 ιο

339 1208 482 1268 fisus
546 1208 710 1267 aedis
763 1209 1022 1269 Honoris
1078 1213 1140 1268 et
1179 1202 1186 1291 Ι
1227 1209 1487 1268 Virtutis
1542 1210 1849 1268 Marianae
1908 1209 2093 1268 cellae
2149 1210 2369 1268 colum·
2390 1219 2507 1274 162

340 1315 669 1374 narumque
723 1301 784 1357 et
839 1299 1254 1374 epistyliorum
1307 1297 1684 1375 symmetrias
1739 1298 2025 1375 legitimis
2078 1299 2227 1357 artis
2280 1300 2370 1356 in-

339 1387 568 1446 stitutis
613 1387 878 1462 perfecit.
950 1387 1013 1446 id
1049 1406 1189 1446 vero
1228 1388 1279 1446 si
1315 1406 1713 1445 marmoreum
1746 1389 1976 1459 fuisset,
2021 1390 2089 1445 ut
2124 1387 2371 1446 haberet

343 1476 840 1552 quemadmodum
893 1475 969 1534 ab
1023 1479 1152 1534 arte
1207 1475 1603 1535 subtilitatem
1657 1477 1741 1536 sic
1796 1476 1871 1534 ab
1924 1476 2369 1554 magnificentia

339 1568 403 1623 et
454 1565 715 1642 inpensis
771 1566 1216 1640 auctoritatem,
1269 1565 1332 1622 in
1386 1565 1595 1642 primis
1650 1568 1712 1623 et
1751 1557 1759 1645 Ι
1801 1565 2043 1624 summis
2090 1564 2362 1642 operibus
2376 1577 2429 1617 15
2441 1577 2501 1628 (5)

341 1654 762 1712 nominaretur.

477 1741 625 1801 Cum
689 1762 829 1820 ergo
895 1746 954 1801 et
1020 1743 1253 1818 antiqui
1316 1744 1502 1801 nostri
1560 1743 1942 1801 inveniantur
1994 1763 2116 1802 non
2172 1743 2366 1802 minus

344 1850 523 1906 quam
579 1829 791 1890 Graeci
843 1833 1026 1891 fuisse
1081 1833 1286 1908 magni
1340 1832 1651 1890 architecti
1707 1835 1767 1891 et
1821 1835 2026 1892 nostra
2084 1833 2369 1891 memoria

342 1920 488 1980 satis
551 1921 754 1995 multi,
817 1924 879 1980 et
943 1940 1013 1980 ex
1074 1921 1168 1980 his
1222 1922 1404 1998 pauci
1461 1924 1782 1997 praecepta
1838 1920 2187 1997 edidissent,
2250 1940 2371 1981 non

340 2010 551 2085 putavi
625 2010 918 2068 silendum
991 2010 1094 2069 sed
1166 2010 1452 2086 disposite
1517 2012 1767 2089 singulis
1832 2010 2231 2070 voluminibus
2296 2012 2369 2069 de
2397 2032 2451 2070 so

341 2098 593 2175 singulis
639 2090 963 2180 expo'nere.
1036 2100 1241 2175 itaque
1288 2100 1571 2175 quoniam
1616 2103 1781 2159 sexto
1827 2100 2128 2158 volumine
2172 2101 2371 2175 priva·
2389 2110 2478 2163 (10)

341 2190 544 2245 torum
578 2186 980 2247 aedificiorum
1015 2189 1278 2247 rationes
1314 2189 1649 2265 perscripsi,
1685 2190 1749 2247 in
1779 2189 1891 2247 hoc
1920 2190 2024 2265 qui
2051 2190 2372 2264 septimum

341 2278 508 2334 tenet
577 2295 888 2335 numerum
951 2276 1023 2336 de
1097 2276 1559 2352 expolitionibus
1627 2278 1842 2353 quibus
1904 2276 2236 2337 rationibus
2310 2280 2373 2336 et

341 2367 718 2424 venustatem
763 2369 824 2424 et
867 2366 1214 2424 firmitatem
1259 2366 1475 2425 habere
1520 2368 1752 2441 possint
1798 2385 2105 2441 exponam.

473 2453 858 2530 Primumque
913 2455 1198 2532 incipiam
1253 2455 1324 2513 de
1387 2455 1791 2531 ruderatione,
1858 2475 2010 2532 quae
2072 2456 2369 2531 principia
2398 2476 2451 2517 25

342 2545 508 2601 tenet
546 2536 556 2621 Ι
597 2544 1050 2619 expolitionum,
1105 2544 1198 2602 uti
1251 2544 1538 2603 curiosius
1596 2563 1942 2620 summaque
1992 2544 2371 2620 providentia
2391 2556 2479 2609 (15)

487 2756 516 2803 1
544 2749 788 2820 pertexit
815 2750 951 2805 HS:
988 2748 1272 2820 pertexuit
1299 2750 1365 2803 G.
1398 2752 1408 2818 Ι
1441 2766 1591 2803 eam:
1630 2766 1699 2803 ea
1728 2749 1873 2816 HG,
1908 2748 1979 2801 Ei
2006 2748 2061 2803 S.
2090 2750 2110 2818 ss
2138 2754 2171 2801 4
2208 2748 2363 2803 initi-

343 2820 570 2875 antibus
609 2822 684 2877 G:
739 2821 903 2891 init(c
939 2820 1256 2891 S)ientibus
1294 2821 1422 2877 HS.
1482 2823 1489 2891 Ι
1548 2818 1760 2874 adiecit
1799 2820 1877 2874 G:
1936 2820 2148 2873 adfecit
2185 2820 2253 2874 H
2258 2820 2313 2875 S.
2350 2820 2371 2892 ΙΙ

343 2932 376 2981 5
416 2928 542 2996 asty
575 2928 644 2982 H
647 2927 704 2994 S,
741 2927 854 2982 asti
893 2928 960 2983 G.
1013 2930 1021 2998 1
1073 2926 1334 2997 Olympio
1372 2929 1463 2998 (sc.
1503 2927 1745 2995 aedem):
1774 2906 2252 2997 adssabolympldm
2288 2926 2375 2980 Hc

342 3026 410 3045 =
440 2997 710 3069 adolypifi
747 3000 802 3067 S,
839 2997 1152 3069 adolimpifi
1195 2999 1260 3054 G.
1315 3001 1335 3069 ss
1390 3004 1421 3051 6
1460 2998 1544 3051 uti
1586 3016 1690 3051 ss,
1731 3000 1817 3051 est
1854 2997 1985 3065 HS,
2029 2998 2116 3051 uti
2156 3016 2246 3052 .ss,
2284 2999 2373 3051 est

345 3106 412 3161 G.
459 3106 478 3174 ΙΙ
526 3111 554 3158 7
595 3104 870 3159 cossutius
903 3106 1024 3173 GS,
1059 3072 1351 3175 qudsutiul'
1373 3105 1471 3160 HG.
1517 3108 1536 3175 ss
1582 3110 1612 3157 9
1652 3103 1938 3159 acussutio
1970 3104 2033 3157 G.
2078 3106 2095 3174 ΙΙ
2142 3110 2205 3157 10
2247 3120 2369 3159 .A.a.

339 3176 520 3229 mutio
550 3176 678 3239 HS,
713 3194 818 3231 Ac1.
857 3177 1036 3231 mutio
1068 3178 1135 3233 G.
1165 3179 1184 3247 11
1215 3184 1276 3231 11
1319 3178 1486 3231 aedes
1524 3194 1579 3231 x.
1614 3178 1622 3245 Ι
1653 3173 2005 3229 marinianae
2042 3178 2121 3257 (Q
2151 3176 2217 3245 S)
2245 3176 2376 3243 HS,

341 3246 675 3301 mariniiane
712 3248 779 3303 G.
809 3250 828 3318 ΙΙ
857 3254 923 3301 12
962 3247 1248 3317 legitimas
1286 3266 1338 3303 a.
1370 3266 1413 3303 c.
1444 3248 1521 3302 H.
1551 3249 1569 3317 ΙΙ
1600 3252 1665 3300 13
1702 3246 1862 3317 pficit
1891 3248 1958 3301 H
1990 3247 2149 3316 (-eclt
2180 3247 2326 3317 GS).
2354 3246 2378 3319 u

345 3323 411 3371 18
430 3323 533 3389 ηῑξ
557 3318 824 3392 memorie
849 3321 914 3374 G.
944 3320 963 3387 ΙΙ
991 3325 1068 3372 20.
1081 3318 1361 3374 silendum
1381 3318 1665 3388 H⁶S(G⁶):
1697 3317 1994 3371 sidendum
2022 3324 2149 3373 ante
2166 3334 2276 3373 ras,
2297 3318 2376 3385 H,

345 3386 604 3442 sidiendfi
632 3397 760 3444 ante
785 3406 895 3445 ras.
919 3391 986 3445 G.
1016 3392 1036 3458 ΙΙ
1063 3396 1128 3443 21
1161 3406 1434 3459 exponere
1463 3392 1552 3460 (cf.
1574 3406 1635 3458 p.
1658 3392 1751 3457 36,
1767 3394 1855 3444 24.
1892 3392 2079 3455 37,28
2106 3391 2250 3457 etc.):
2280 3404 2375 3443 ex-

342 3472 672 3521 poneremus
699 3479 754 3515 oe.
789 3463 797 3530 Ι
831 3461 987 3515 sexto
1019 3462 1300 3530 Hcs(Gc)=
1341 3462 1492 3516 secto
1525 3462 1601 3528 H,
1627 3478 1655 3513 r
1691 3462 1781 3515 cto
1814 3462 1879 3515 G.
1909 3462 1928 3529 ΙΙ
1957 3466 2023 3513 23
2052 3476 2371 3515 numerum:

344 3532 506 3579 mun-1
533 3537 659 3584 ante
683 3548 822 3586 corr.
849 3533 914 3589 G.
949 3532 957 3599 Ι
991 3531 1463 3601 expoliationibus
1483 3550 1536 3587 a.
1557 3549 1598 3586 c.
1680 3576 1689 3585 .
1719 3533 1738 3601 11
1766 3538 1835 3585 24
1854 3532 2139 3585 vetustate
2160 3548 2212 3585 a.
2234 3548 2277 3587 c.
2302 3532 2373 3587 G.
