2664 3927
722 185 818 240 DE
855 150 1414 240 ARCHITECTURA
1448 185 1581 239 Lm.
1619 185 1739 253 vn,
1780 191 1827 238 1.
1866 191 1897 238 2
2188 185 2317 250 163

300 335 495 395 ruderi
552 354 706 395 novo
760 334 942 395 tertia
991 355 1130 410 pars
1176 338 1367 394 testae
1422 338 1632 394 tunsae
1679 335 2074 394 admisceatur
2118 336 2321 395 calcis-

302 444 414 500 que
451 425 602 482 duae
638 427 840 501 partes
878 423 957 482 ad
993 425 1252 499 quinque
1289 423 1561 483 mortarii
1596 423 1980 482 mixtionibus
2015 427 2322 500 praestent

191 524 280 574 (20)
298 532 660 590 responsum.
753 504 1258 593 statumilnatione
1303 514 1484 589 facta,
1537 513 1718 572 rudus
1762 512 2097 588 inducatur,
2141 513 2320 589 idque
2358 529 2389 576 6

296 603 521 678 pistum
566 602 907 661 absolutum
943 620 1016 659 ne
1053 601 1247 661 minus
1284 601 1435 677 pede
1472 601 1551 661 sit
1588 621 1866 661 crassum.
1938 605 2080 660 tunc
2119 604 2321 660 autem

242 711 268 750 5
294 693 502 750 nucleo
547 691 810 764 inductO,
853 688 945 748 uti
990 707 1169 765 supra
1206 691 1492 766 scriptum
1528 694 1635 766 est,
1678 689 2089 767 pavimentum
2134 709 2165 748 e
2202 693 2319 748 tes-

295 799 426 839 sera
463 779 676 857 grandi
713 778 947 836 circiter
971 777 1177 835 binum
1215 778 1471 855 digitum
1506 798 1677 839 caesa
1716 783 1982 838 struatur
2007 779 2319 856 fastigium

292 868 514 927 habens
559 867 624 924 in
667 866 847 942 pedes
894 866 1072 924 denos
1121 866 1339 942 digitos
1383 866 1571 943 binos,
1619 867 1779 944 quod
1822 869 1873 927 si
1907 868 2057 926 bene
2093 871 2317 944 tempe-

187 967 274 1019 (25)
291 957 524 1014 rabitur
579 958 638 1013 et
692 957 850 1013 recte
905 945 1202 1035 fricaltum
1254 955 1464 1030 fuerit,
1528 956 1602 1014 ab
1658 956 1926 1016 omnibus
1982 957 2147 1016 vitiis
2204 957 2320 1015 erit

289 1047 505 1104 tutum.
596 1043 688 1101 uti
733 1046 933 1101 autem
984 1043 1142 1101 inter
1187 1047 1536 1120 coagmenta
1581 1045 1857 1104 materies
1904 1045 1978 1104 ab
2025 1045 2317 1122 gelicidiis

213 1155 267 1194 10
292 1153 367 1192 ne
413 1131 660 1206 laboret,
705 1131 964 1191 fracibus
1004 1132 1320 1207 quotannis
1368 1135 1506 1190 ante
1549 1132 1805 1191 hiemem
1842 1136 2154 1192 saturetur.
2226 1135 2318 1193 ita

152 1231 271 1287 165
290 1239 410 1280 non
454 1221 717 1296 patietur
759 1221 824 1278 in
869 1239 930 1279 se
975 1221 1234 1296 recipere
1275 1215 1283 1300 Ι
1324 1219 1585 1296 gelicidii
1620 1221 1911 1296 pruinam.
1986 1222 2078 1280 sin
2114 1225 2315 1282 autem
2353 1239 2384 1286 7

293 1310 578 1375 curiosius
623 1309 921 1369 videbitur
971 1309 1099 1369 fieri
1156 1311 1456 1385 oportere,
1509 1309 1747 1386 tegulae
1800 1308 2103 1384 bipedales
2159 1311 2316 1370 inter

290 1417 353 1458 se
391 1401 838 1476 coagmentatae
877 1417 1056 1474 supra
1090 1399 1272 1458 rudus
1310 1397 1612 1457 substrata
1646 1397 1898 1456 materia
1936 1399 2317 1457 conlocentur

290 1487 572 1547 habentes
629 1487 879 1566 singulis
934 1490 1418 1564 coagmentorum
1471 1485 1766 1546 frontibus
1822 1487 2044 1545 excisos
2093 1487 2312 1545 canali-

155 1588 217 1640 (⁵)
229 1590 280 1628 15
291 1577 454 1636 culos
484 1576 792 1654 digitales.
879 1575 1092 1652 quibus
1138 1576 1359 1655 iunctis
1402 1571 1410 1655 Ι
1450 1575 1816 1652 impleantur
1862 1575 2019 1634 calce
2068 1594 2137 1633 ex
2182 1575 2312 1636 oleo

288 1665 537 1724 subacta
575 1666 1092 1741 confricenturque
1127 1664 1286 1723 inter
1323 1683 1385 1723 se
1422 1667 1773 1742 coagmenta
1811 1683 2161 1740 compressa.
2225 1665 2313 1722 ita

288 1756 418 1812 calx
458 1773 608 1828 quae
648 1754 760 1812 erit
794 1754 1043 1812 haerens
1080 1754 1143 1811 in
1181 1753 1487 1812 canalibus
1525 1753 1885 1812 durescendo
1924 1755 2312 1828 contexteque

289 1842 688 1902 solidescendo
753 1860 872 1901 non
935 1842 1198 1917 patietur
1253 1861 1473 1919 aquam
1536 1862 1725 1918 neque
1791 1841 1975 1900 aliam
2025 1861 2152 1899 rem
2204 1861 2314 1918 per

289 1934 640 2007 coagmenta
683 1930 952 1990 transire.
1046 1950 1181 1991 cum
1227 1950 1365 2009 ergo
1412 1932 1593 1991 fuerit
1636 1931 1748 1992 hoc
1792 1931 1881 1990 ita
1930 1933 2310 2009 perstratum,

125 2030 281 2083 (10)so
291 2038 470 2094 supra
532 2020 774 2078 nucleus
842 2020 1159 2080 inducatur
1223 2024 1282 2079 et
1346 2020 1530 2098 virgis
1572 2014 1579 2102 Ι
1622 2020 1915 2079 caedendo
1982 2019 2307 2097 subigatur.

289 2127 470 2183 supra
515 2111 716 2166 autem
761 2109 884 2168 sive
931 2128 1000 2167 ex
1045 2112 1268 2168 tessera
1312 2109 1526 2187 grandi
1572 2109 1694 2169 sive
1741 2129 1809 2167 ex
1847 2109 2010 2185 spica
2046 2112 2309 2167 testacea

287 2200 555 2256 struatur
606 2196 864 2274 fastigiis
921 2198 1132 2273 quibus
1188 2202 1278 2257 est
1335 2216 1514 2273 supra
1560 2198 1870 2275 scriptum,
1928 2200 1988 2255 et
2044 2217 2176 2256 cum
2223 2198 2308 2256 sic

287 2289 460 2344 erunt
505 2287 685 2361 facta,
731 2305 848 2345 non
896 2288 1013 2345 cito
1059 2287 1448 2346 vitiabuntur.

422 2374 570 2433 Cum
615 2392 651 2432 a
697 2376 1174 2449 pavimentorum
1229 2394 1370 2435 cura
1416 2375 1735 2434 discessum
1784 2374 1990 2449 fuerit,
2047 2377 2188 2432 tunc
2235 2374 2307 2433 de
2335 2384 2388 2437 II

205 2482 256 2523 25
283 2462 529 2522 albariis
585 2463 860 2539 operibus
914 2466 1005 2523 est
1060 2464 1487 2540 explicandum.
1586 2463 1650 2522 id
1703 2466 1904 2521 autem
1958 2463 2073 2521 erit
2128 2466 2306 2538 recte,

180 2565 265 2615 (15)
285 2553 336 2611 si
377 2547 386 2631 Ι
427 2552 674 2629 glaebae
711 2553 890 2611 calcis
927 2553 1188 2629 optimae
1227 2556 1365 2612 ante
1400 2554 1589 2610 multo
1634 2554 1900 2627 tempore
1940 2570 2122 2627 quam
2158 2569 2306 2628 opus

284 2641 464 2699 fuerit
518 2640 1000 2714 macerabuntur,
1053 2641 1146 2699 uti
1199 2642 1250 2701 si
1306 2660 1425 2717 qua
1480 2640 1690 2718 glaeba
1742 2660 1955 2717 parum
2007 2640 2187 2699 fuerit
2240 2640 2305 2699 in

283 2730 521 2788 fornace
567 2731 763 2805 cocta,
816 2730 880 2787 in
932 2730 1330 2789 maceratione
1386 2729 1665 2788 diuturna
1719 2729 1951 2805 liquore
2004 2729 2303 2788 defervere

283 2821 488 2877 coacta
532 2836 650 2877 uno
698 2821 900 2877 tenore
947 2822 1362 2893 concoquatur.
1435 2837 1689 2893 namque
1736 2836 1871 2877 cum
1910 2836 2029 2876 non
2066 2818 2302 2894 penitus

201 2928 256 2967 30
280 2910 582 2966 macerata
636 2907 739 2967 sed
791 2925 994 2966 recens
1051 2906 1326 2982 sumitur,
1383 2926 1516 2965 cum
1568 2906 1749 2980 fuerit
1792 2905 2036 2965 inducta
2080 2907 2303 2966 habens

174 3005 261 3058 (20)
279 2988 552 3077 laltentes
609 2996 818 3055 crudos
874 2997 1132 3055 calculos
1177 2996 1449 3072 pustulas
1499 2994 1735 3054 emittit.
1826 2994 1931 3071 qui
1976 2996 2190 3055 calculi
2238 2997 2303 3053 in

419 3188 452 3235 4
487 3184 657 3252 pystfi
686 3181 742 3237 S.
775 3184 784 3251 Ι
815 3199 1074 3253 grassum
1102 3182 1178 3237 H.
1223 3184 1244 3263 ΙΙ
1290 3186 1321 3234 ὅ
1358 3180 1543 3235 nudco
1580 3188 1705 3237 ante
1741 3198 1878 3236 corr.
1909 3182 1975 3237 G.
2010 3182 2019 3251 Ι
2050 3180 2136 3234 uti
2173 3198 2297 3236 ss.

279 3254 364 3306 est
390 3253 520 3321 HS,
556 3252 643 3307 uti
681 3296 692 3307 .
712 3270 768 3306 ss
788 3296 800 3307 .
839 3258 868 3307 ὂ
906 3254 973 3309 G.
1002 3256 1022 3324 ΙΙ
1050 3259 1081 3306 7
1119 3252 1332 3323 digitus
1372 3252 1441 3306 H
1444 3252 1497 3307 S.
1528 3254 1546 3322 ΙΙ
1575 3258 1642 3305 10
1676 3252 1931 3322 frag-ibus
1968 3270 2022 3306 ω.
2052 3254 2071 3322 ΙΙ
2102 3257 2167 3305 14
2206 3268 2297 3305 ex-

277 3324 451 3379 celsos
487 3342 542 3379 oe.
589 3326 609 3394 ΙΙ
655 3329 722 3377 15
758 3323 1026 3394 impletur
1070 3323 1196 3379 calx
1241 3322 1413 3395 (calix
1450 3323 1517 3392 S)
1552 3341 1608 3378 x.
1655 3326 1673 3394 ΙΙ
1720 3330 1785 3377 17
1825 3323 1971 3377 calix
2008 3322 2061 3377 S.
2108 3324 2117 3391 Ι
2166 3338 2299 3384 con-

274 3396 592 3463 testateque
629 3394 1004 3450 solidiscendo
1037 3396 1112 3452 G:
1150 3413 1252 3451 om.
1281 3394 1399 3449 HS
1431 3396 1550 3464 (del.
1585 3395 1691 3465 6³⁶).
1739 3397 1758 3464 ΙΙ
1804 3400 1871 3447 20
1906 3408 2143 3447 nucreus
2173 3395 2247 3448 H.
2278 3394 2299 3466 ΙΙ

277 3470 342 3518 21
382 3466 580 3534 expica
608 3465 698 3534 H,
734 3466 961 3537 exspica
987 3467 1179 3537 S(G⁶)=
1219 3483 1317 3522 om.
1355 3467 1421 3522 G'.
1468 3468 1487 3536 ΙΙ
1533 3471 1599 3519 22
1639 3467 1928 3519 struantur
1962 3482 2018 3519 x.
2064 3466 2083 3534 ΙΙ
2130 3469 2197 3518 28
2234 3464 2296 3517 in

274 3553 376 3591 om.
410 3536 476 3592 G.
523 3539 542 3605 ΙΙ
588 3542 654 3591 29
692 3539 1016 3608 tem(e)pore
1051 3556 1104 3593 ω.

1869 3623 1973 3677 11*
