2664 3927
703 216 917 272 LIBER
952 216 1166 271 ARTIS
1202 215 1881 272 ARCHITECTONICAE
2178 218 2303 283 291

281 368 664 428 nihilominus
721 367 794 425 de
853 367 1241 442 receptaculis
1303 386 1464 442 aqua
1521 367 1907 427 ministretur.
2011 369 2307 427 canalium

281 476 421 516 vero
469 460 530 515 et
572 457 920 515 tubulorum
962 456 1300 533 ligneorum
1354 456 1548 515 facilis
1595 460 1657 515 et
1708 458 1936 516 usitata
1984 475 2173 532 aquae
2218 458 2307 516 in-

283 546 482 605 ductio
528 545 780 605 videtur.

413 635 680 694 Fistulae
727 651 866 710 ergo
912 631 1225 708 plumbeae
1269 653 1379 708 pro
1425 634 1835 710 magnitudine
1878 653 2069 708 aquae
2105 635 2257 694 hanc
2288 628 2583 722 mffifitsseet

230 745 256 786 5
285 725 654 783 soliditatem
683 726 743 781 et
769 741 1106 781 mensuram
1135 723 1401 797 accipere
1429 721 1744 782 debebunt.
1808 723 1861 782 si
1888 723 2261 782 centenariae
2288 735 2489 783 pondere
2530 736 2582 774 fi-

166 825 266 876 (15)
291 805 649 894 {fundentur
698 811 916 869 denum
963 811 1206 886 pedum,
1270 829 1318 868 Μ
1375 813 1435 868 et
1480 828 1556 869 cc
1601 811 1783 870 libras
1827 814 2066 871 fusurae
2111 813 2260 870 acci·
2288 789 2553 900 '‘55:⁰2³‘ss

282 904 472 978 piant.
547 900 962 977 octogenariae
1007 900 1222 957 denum
1267 898 1504 974 pedum,
1548 917 1835 959 Dccccnx
1879 901 2062 960 libras
2110 903 2259 960 acci·
2287 889 2578 976 (Pa11J9‚’12),

282 991 471 1066 piant.
543 989 1085 1066 quinquagenariae
1150 987 1366 1046 denum
1428 988 1671 1063 pedum,
1737 1007 1819 1047 Dc
1874 990 1979 1048 lib.
2002 991 2314 1066 accipiant.

284 1078 792 1155 quadragenariae
826 1077 1044 1135 denum
1079 1076 1314 1151 pedum,
1354 1093 1677 1135 ccccnxxx
1714 1077 1913 1138 libras.
1961 1080 2313 1138 tricenariae

201 1189 255 1228 10
282 1186 323 1224 x
368 1166 617 1242 pedum,
665 1183 865 1225 cccnx
909 1165 1109 1224 libras.
1156 1165 1491 1224 vicenariae
1536 1184 1577 1222 x
1621 1166 1859 1244 pedum,
1907 1185 2065 1226 ccxn
2109 1168 2311 1227 libras,

168 1269 261 1317 (20)
283 1247 640 1337 octonalriae
689 1272 723 1312 c
771 1254 973 1313 libras.

411 1344 686 1403 Harenae
721 1343 994 1402 fossiciae
1032 1361 1250 1419 genera
1287 1345 1432 1402 sunt
1466 1343 1601 1418 tria,
1648 1343 1839 1420 nigra,
1883 1343 2081 1419 rubra,
2120 1363 2244 1402 car·
2276 1339 2449 1432 11ᾙῇ
2450 1339 2550 1433 022
2556 1415 2574 1423 -

279 1433 587 1492 bunculus.
644 1451 714 1491 ex
740 1432 833 1491 his
855 1451 1006 1508 quae
1033 1451 1214 1490 manu
1235 1431 1657 1507 comprehensa
1686 1432 1999 1491 stridorem
2025 1433 2249 1508 fecerit,
2305 1449 2411 1486 tura
2442 1458 2547 1495 pro-

281 1523 504 1598 optima
552 1525 612 1580 et
657 1524 917 1598 purgata
955 1522 1084 1579 erit.
1159 1540 1313 1596 quae
1353 1524 1553 1579 autem
1589 1523 1816 1580 terrosa
1852 1521 2056 1595 fuerit,
2090 1515 2253 1599 <non
2310 1500 2505 1611 „31:5³³
2520 1573 2549 1610 4

199 1631 250 1672 15
277 1611 520 1670 habebit
557 1605 999 1689 asperitatem).
1073 1609 1373 1686 etiamque
1399 1610 1463 1668 in
1490 1610 1910 1669 vestimentum
1939 1609 2253 1668 candidum
2280 1601 2573 1676 (Pau-'1,’10).

167 1711 258 1763 (25)
277 1701 329 1759 si
370 1695 377 1777 Ι
417 1699 648 1758 miseris
694 1703 756 1758 et
802 1699 987 1757 effusa
1033 1699 1083 1758 si
1128 1698 1279 1756 nihil
1323 1699 1512 1758 sordis
1548 1699 1880 1774 reliquerit,
1925 1699 2141 1758 idonea
2178 1700 2308 1758 erit.

132 1799 258 1854 295
278 1789 330 1847 si
370 1785 378 1866 Ι
418 1806 558 1847 vero
603 1806 724 1846 non
768 1788 958 1846 fuerit
1001 1787 1156 1844 unde
1201 1787 1458 1845 harenae
1503 1787 1827 1861 fodiantur,
1882 1790 2025 1846 tunc
2070 1788 2143 1845 de
2200 1788 2307 1845 flu-

277 1876 534 1935 minibus
572 1878 681 1934 aut
718 1875 788 1934 de
827 1875 1044 1953 glareis
1083 1876 1446 1933 excernenda
1475 1875 1589 1933 erit
1616 1878 1726 1933 aut
1753 1875 1825 1933 de
1854 1876 2030 1934 litore
2059 1876 2306 1935 marin0.

278 1967 396 2025 sed·
425 1966 656 2023 marina
709 1966 932 2024 harena
977 1965 1041 2022 iu
1086 1963 1400 2023 structuris
1456 1963 1567 2023 hoc
1610 1963 1828 2023 vitium
1872 1965 2079 2040 habet,
2136 1955 2306 2025 tarde

196 2077 252 2117 20
277 2056 475 2115 siccat.
576 2055 732 2113 unde
797 2054 1030 2113 onerari
1094 2071 1155 2111 se
1221 2052 1594 2112 continenter
1654 2072 1775 2112 nou
1840 2054 2086 2130 patitur.
2189 2055 2306 2114 nisi

195 2157 255 2208 (5)
275 2134 826 2224 intermissionilbus
881 2141 1244 2217 requieverit
1298 2160 1478 2218 opus,
1530 2143 1791 2218 pondere
1848 2146 2099 2220 gravata
2151 2146 2305 2202 stru-

277 2236 450 2293 ctura
485 2234 812 2308 rumpetur.
887 2232 1134 2290 cameris
1172 2230 1355 2289 etiam
1392 2231 1618 2290 salsum
1652 2250 1917 2290 umorem
1947 2232 2305 2293 remittendo

274 2320 594 2381 tectorium
661 2339 808 2397 opus
877 2338 1052 2396 saepe
1116 2320 1381 2379 resolvit.
1488 2320 1761 2380 fossiciae
1824 2340 1966 2380 vero
2032 2321 2304 2380 celeriter

275 2412 601 2471 siccescunt
645 2412 706 2468 et
749 2410 1004 2469 tectoria
1047 2428 1167 2468 non
1211 2409 1458 2468 laedunt
1503 2412 1565 2468 et
1605 2409 2147 2469 concamarationes
2186 2412 2303 2469 uti-

195 2521 246 2563 25
272 2501 412 2559 liter
458 2498 743 2577 obligant.
834 2498 937 2558 sed
979 2498 1252 2557 fossiciae
1297 2499 1563 2557 recentes
1610 2499 1816 2557 statim
1859 2498 1925 2555 in
1970 2500 2301 2557 structuras

165 2603 254 2655 (ιο)
273 2588 436 2648 mitti
463 2588 696 2647 debent.
759 2588 973 2646 fortius
1003 2588 1161 2646 enim
1202 2579 1210 2667 Ι
1252 2587 1757 2663 comprehendunt
1784 2590 2105 2645 caementa.
2162 2606 2302 2645 nam

274 2678 325 2738 si
361 2677 471 2737 sub
510 2677 633 2736 sole
671 2676 895 2735 diutius
931 2676 1159 2734 fuerint
1195 2678 1304 2735 aut
1339 2676 1627 2734 imbribus
1662 2676 2011 2752 pruinisque
2050 2675 2301 2750 solutae,

275 2770 334 2826 et
369 2769 633 2825 terrosae
670 2767 732 2823 et
769 2765 1055 2824 evanidae
1082 2765 1247 2825 fiunt.
1320 2763 1594 2825 fossiciae
1629 2766 1837 2840 itaque
1866 2784 1999 2823 cum
2035 2767 2297 2824 recentes

274 2859 438 2930 sunt,
493 2854 744 2913 tectorio
793 2854 957 2929 operi
1001 2856 1246 2929 propter
1287 2852 1713 2931 pinguedinem
1756 2870 1877 2911 non
1922 2853 2295 2913 conveniunt.

195 2966 248 3008 so
272 2944 611 3004 fluviaticae
660 2946 860 3001 autem
905 2946 1150 3018 propter
1192 2942 1567 3000 macritatem
1608 2943 1841 3019 signino
1888 2943 2054 3017 operi
2080 2943 2297 3002 ‘incon-

170 3045 254 3097 (15)
276 3036 554 3112 gruentes
610 3035 774 3107 sunt,
834 3031 938 3091 sed
989 3032 1343 3091 liaculorum
1384 3022 1391 3111 Ι
1432 3030 1876 3089 subactionibus
1929 3031 1995 3088 in
2047 3032 2297 3091 tectorio

275 3142 448 3199 opere
501 3122 800 3197 recipiunt
843 3120 1237 3180 solididatem.
1325 3121 1390 3178 in
1437 3119 1849 3179 caementicias
1898 3122 2097 3178 autem
2142 3121 2295 3179 stru-

276 3214 470 3271 cturas
515 3229 668 3287 pura
711 3211 934 3269 harena
979 3209 1270 3268 mittatur.
2517 3260 2520 3263 .

405 3298 550 3358 Oalx
595 3300 800 3375 itaque
838 3300 909 3357 de
949 3298 1084 3357 albo
1123 3316 1262 3357 saxo
1298 3298 1396 3357 vel
1432 3296 1725 3357 tiburtino
1762 3299 1869 3355 aut
1904 3296 2239 3355 columbino
2266 3288 2559 3383 ffisst'fflffilg

199 3408 248 3451 ³5
273 3388 552 3446 fluviatili
589 3391 878 3464 coquatur
914 3390 1021 3446 aut
1053 3386 1234 3445 rubro
1271 3389 1379 3445 aut
1414 3386 1668 3463 sfungia.
1745 3404 1894 3461 quae
1933 3386 2089 3443 enim
2127 3384 2239 3443 erit
2284 3395 2530 3444 probanda·

276 3495 345 3535 ex
383 3476 571 3551 spisso
609 3480 668 3536 et
705 3477 852 3537 duro
889 3494 1048 3553 saite,
1083 3475 1314 3534 utiliter
1346 3476 1658 3535 structuris
1697 3474 2019 3532 conveniet.
2087 3491 2237 3549 quae
2266 3466 2559 3570 (gfff-13³&

175 3579 255 3631 (20)
279 3558 288 3649 Ι
312 3567 514 3625 autem
561 3584 630 3623 ex
683 3564 952 3626 fistuloso
999 3568 1106 3625 aut
1157 3566 1399 3625 exiliore
1442 3564 1643 3641 lapide
1686 3564 1885 3639 fuerit,
1931 3561 2240 3623 conveniet

1869 3661 1971 3714 19*
