2664 3927
317 135 399 199 16
1161 132 1491 188 VITRUVII

307 288 519 344 rantur
563 285 828 344 omnium
875 284 1222 342 animalium
1266 285 1330 341 in
1368 283 1587 342 mundo
1624 282 1955 360 generatim
1993 283 2332 358 qualitates.

236 389 271 437 6
310 393 451 450 ergo
497 375 560 431 in
608 373 823 449 quibus
881 372 1222 449 corporibus
1277 392 1533 448 cumque
1589 375 1903 448 exsuperat
1949 391 1980 430 e
2023 372 2335 448 principiis

304 464 483 539 calor,
546 465 688 521 tunc
752 462 1033 522 interficit
1097 453 1505 543 dissolivitque
1570 461 1767 520 cetera
1828 461 2076 521 fervore.
2184 461 2333 519 haec
2356 470 2451 523 (1⁶)

307 554 508 611 autem
559 553 711 611 vitia
776 551 960 610 efficit
1018 550 1316 610 fervidum
1380 550 1455 608 ab
1520 549 1696 610 certis
1759 549 2029 626 partibus
2087 550 2335 624 caelum,

305 661 441 700 cum
495 640 702 699 insidit
753 641 819 698 in
873 642 1111 716 apertas
1156 656 1339 698 venas
1392 639 1531 715 plus
1588 657 1769 715 quam
1821 639 2053 715 patitur
2098 658 2130 696 e
2182 639 2333 696 mix·
2363 658 2391 698 5

302 729 568 789 tionibus
612 729 878 788 naturali
922 729 1330 805 temperatura
1368 746 1593 803 corpus,
1675 728 1823 785 item
1858 727 1911 786 si
1953 745 2125 786 umor
2161 745 2332 786 occu-

305 819 476 895 pavit
512 836 824 893 corporum
850 836 1032 878 venas
1068 818 1427 892 inparesque
1466 836 1564 875 eas
1600 817 1763 890 fecit,
1802 818 1998 874 cetera
2031 816 2333 893 principia

305 910 375 966 ut
420 926 456 965 a
510 906 737 983 liquido
785 909 1066 982 corrupta
1111 905 1423 964 diluuntur
1469 908 1529 964 et
1574 896 1995 986 dissollvuntur
2040 905 2329 980 composi·
2350 915 2447 967 (so)

305 995 566 1054 tionibus
621 995 892 1054 virtutes.
991 995 1138 1054 item
1197 995 1346 1053 haec
1401 1013 1432 1052 e
1494 993 2041 1070 refrigerationibus
2105 994 2328 1052 umoris

305 1087 619 1145 ventorum
664 1087 725 1143 et
780 1103 1059 1143 aurarum
1109 1083 1509 1142 infunduntur
1552 1083 1703 1142 vitia
1758 1083 2119 1158 corporibus.
2211 1100 2332 1140 non
2361 1103 2419 1142 ιο

305 1173 500 1232 minus
557 1173 710 1232 aeris
765 1173 1063 1249 etiamque
1115 1173 1339 1232 terreni
1394 1173 1457 1230 in
1512 1191 1755 1248 corpore
1818 1171 2109 1230 naturalis
2176 1190 2333 1231 com-

306 1262 524 1339 positio
581 1262 850 1339 augendo
908 1266 1016 1322 aut
1069 1261 1391 1321 minuendo
1446 1260 1710 1319 infirmat
1764 1263 1960 1320 cetera
2019 1260 2334 1337 principia,

308 1355 608 1411 terrenum
652 1351 769 1411 cibi
813 1350 1122 1428 plenitate,
1167 1369 1272 1408 aer
1315 1351 1614 1427 gravitate
1660 1349 1825 1408 caeli.
1868 1345 1876 1428 Ι

240 1452 270 1500 7
443 1441 559 1500 Sed
612 1441 664 1498 si
719 1440 822 1516 qui
866 1440 1125 1499 voluerit
1177 1438 1526 1516 diligentius
1577 1439 1725 1497 haec
1779 1456 1955 1498 sensu
2010 1437 2337 1514 percipere,
2366 1446 2443 1501 18

311 1530 748 1589 animadvertat
811 1528 1200 1604 attendatque
1262 1530 1508 1586 naturas
1573 1527 1777 1587 avium
1841 1530 1902 1586 et
1964 1526 2217 1603 piscium
2270 1528 2332 1585 et
2360 1547 2412 1586 15

307 1618 680 1678 terrestrium
725 1617 1094 1691 animalium,
1141 1619 1202 1676 et
1243 1616 1335 1674 ita
1371 1616 1770 1675 considerabit
1806 1616 2147 1675 discrimina
2182 1617 2332 1674 tem-

308 1709 643 1784 peraturae.
743 1706 926 1764 aliam
989 1705 1146 1764 enim
1208 1705 1557 1765 mixtionem
1618 1705 1800 1764 habet
1862 1723 2049 1782 genus
2110 1703 2333 1778 avium,

311 1797 494 1854 aliam
533 1788 542 1876 Ι
581 1794 850 1871 piscium,
895 1795 1073 1872 longe
1115 1794 1291 1853 aliter
1337 1794 1711 1853 terrestrium
1755 1796 1987 1852 natura.
2061 1793 2333 1853 volucres
2350 1803 2415 1854 (5)

309 1885 504 1943 minus
567 1883 790 1942 habent
842 1883 1091 1959 terreni,
1154 1883 1350 1943 minus
1404 1882 1625 1942 umoris
1638 1928 1653 1957 ‚
1718 1883 1929 1942 caloris
1984 1884 2333 1958 temperate,

311 1974 466 2033 aeris
509 1974 784 2033 multum.
873 1973 1060 2051 igitur
1103 1973 1424 2032 levioribus
1477 1972 1787 2050 principiis
1834 1972 2196 2048 compositae
2243 1972 2332 2029 fa·
2362 1992 2417 2031 20

311 2062 482 2122 cilius
527 2063 591 2121 in
637 2062 790 2121 aeris
827 2062 1115 2138 impetum
1151 2063 1439 2121 nituntur.
1516 2062 1811 2138 aquatiles
1848 2063 2049 2120 autem
2083 2060 2337 2137 piscium

311 2153 561 2211 naturae
627 2151 784 2227 quod
845 2154 1212 2226 temperatae
1277 2154 1416 2210 sunt
1480 2170 1517 2209 a
1581 2151 1771 2209 calido
1836 2150 2211 2226 plurimoque
2276 2152 2337 2207 et

313 2242 468 2299 aeris
496 2243 556 2299 et
582 2239 803 2299 terreni
831 2242 969 2298 sunt
1008 2232 1017 2320 Ι
1059 2240 1421 2315 compositae
1458 2240 1562 2299 sed
1597 2239 1817 2298 umoris
1852 2239 2078 2297 habent
2112 2238 2331 2314 oppido
2352 2248 2441 2302 (10)

315 2348 496 2405 quam
548 2329 821 2405 paulum,
877 2348 996 2404 quo
1051 2328 1245 2387 minus
1300 2328 1524 2387 habent
1570 2348 1599 2385 e
1646 2328 1954 2405 principiis
2003 2328 2224 2386 umoris
2270 2328 2335 2385 in

314 2436 576 2494 corpore,
611 2417 847 2476 facilius
881 2417 946 2475 in
981 2435 1186 2476 umore
1222 2417 1566 2493 perdurant,
1600 2417 1805 2493 itaque
1838 2437 1973 2477 cum
2000 2416 2077 2475 ad
2111 2420 2335 2475 terram
2364 2435 2423 2476 2⁵

313 2507 730 2584 perducuntur,
787 2506 1049 2565 animam
1102 2525 1236 2566 cum
1292 2524 1449 2581 aqua
1502 2506 1862 2582 relinquunt.
1953 2506 2099 2564 item
2154 2508 2334 2563 terre-

314 2597 464 2656 stria
509 2596 666 2672 quod
711 2615 742 2655 e
789 2595 1095 2672 principiis
1143 2595 1217 2653 ab
1264 2613 1399 2653 aere
1446 2595 1759 2671 caloreque
1814 2598 1955 2654 sunt
2006 2596 2341 2670 temperata

313 2685 626 2762 minusque
661 2684 884 2744 habent
920 2684 1140 2744 terreni
1177 2675 1637 2766 plurimumlque
1674 2684 1915 2759 umoris,
1962 2682 2120 2759 quod
2156 2682 2341 2741 abun·
2359 2693 2448 2747 (1⁵)

315 2775 462 2834 dant
505 2774 741 2833 umidae
787 2777 1007 2850 parteS,
1050 2793 1172 2834 non
1217 2773 1320 2831 diu
1355 2776 1605 2848 possunt
1638 2773 1702 2830 in
1740 2791 1901 2848 aqua
1934 2772 2125 2831 vitam
2159 2770 2334 2830 tueri.

246 2875 279 2923 8
317 2882 458 2940 ergo
515 2864 564 2923 si
617 2864 764 2921 haec
817 2864 906 2921 ita
951 2863 1230 2922 videntur
1276 2862 1772 2937 quemadmodum
1820 2861 2235 2937 proposuimus
2280 2862 2342 2919 et
2369 2881 2424 2922 ³0

463 3074 490 3121 1
531 3066 827 3137 qualitatis
864 3074 991 3122 ante
1027 3084 1162 3123 corr.
1207 3068 1328 3137 Η.ΙΙ
1356 3073 1388 3120 2
1426 3084 1594 3135 eumq
1594 3082 1665 3121 ue
1700 3066 1875 3121 Nohl:
1920 3082 2046 3120 cum
2080 3083 2122 3120 ω
2158 3066 2248 3135 (cf.

315 3144 429 3195 232
429 3143 570 3209 ,.21)
599 3139 775 3210 {exup
778 3140 969 3192 etatae
990 3139 1139 3191 H=
1159 3154 1293 3192 exsu
1309 3070 1459 3193 uerat
1487 3154 1518 3193 e
1540 3084 1705 3206 (111811
1732 3142 1767 3191 4
1794 3136 1986 3192 certis:
2016 3139 2137 3206 cae(
2194 3136 2246 3191 G

318 3211 454 3265 teris
492 3227 548 3266 ω.
576 3212 596 3280 [Ι
623 3214 655 3264 8
692 3213 758 3264 ut
795 3208 1052 3277 aliquida
1087 3208 1168 3278 H,
1203 3211 1269 3264 ut
1326 3208 1525 3277 iquida
1563 3208 1632 3276 G,
1682 3210 1782 3263 aut
1818 3207 2074 3277 aliquida
2152 3211 2205 3278 ,Ι
2238 3224 2344 3261 con

322 3282 418 3362 (m
430 3279 938 3364 GS)positionibus
976 3283 1018 3347 (-
1021 3280 1123 3351 ib2)
1159 3281 1240 3336 sic
1265 3297 1320 3335 ω.
1350 3286 1369 3347 u
1400 3285 1466 3334 13
1502 3282 1725 3333 terrena
1753 3296 1807 3335 x.
1836 3281 1857 3349 ΙΙ
1885 3285 1954 3333 14
1991 3278 2041 3333 si
2074 3250 2173 3349 qui
2199 3297 2240 3333 ω
2272 3277 2344 3350 (si

324 3351 450 3419 quis
487 3353 550 3406 in
584 3370 694 3408 ras.
725 3352 781 3420 S,
816 3352 963 3406 unde
995 3352 1084 3420 Ge,
1119 3352 1213 3407 sed
1249 3350 1297 3405 si
1335 3350 1434 3420 qui
1470 3352 1533 3405 in
1565 3367 1735 3405 mar.
1767 3349 1812 3406 S
1821 3349 1877 3421 ’)
1907 3353 1925 3421 ΙΙ
1955 3356 2021 3404 15
2059 3349 2343 3405 attendat:

322 3422 527 3478 tendat
553 3423 680 3491 HS,
705 3422 969 3477 intendat
998 3424 1065 3479 G.
1094 3424 1114 3493 ΙΙ
1144 3428 1209 3476 16
1237 3419 1622 3477 considerabit
1714 3394 1778 3478 S.
1818 3420 1929 3476 -uit
1954 3421 2032 3476 H.
2061 3424 2081 3491 ΙΙ
2111 3426 2175 3476 19
2203 3423 2346 3476 tem-

322 3494 518 3564 perate
558 3495 629 3563 G,
665 3497 783 3549 -tae
820 3494 891 3549 H
920 3493 1015 3565 (-ti
1051 3494 1129 3563 S).
1159 3496 1272 3565 1122
1309 3492 1659 3564 plurimum(-
1663 3499 1698 3548 1“1
1727 3492 1899 3563 S)que
1936 3509 2005 3549 ex
2039 3510 2095 3548 x.
