2664 3927
726 167 822 222 DE
850 167 1418 222 ‘ARCHITECTURA
1451 168 1584 224 LIB.
1623 169 1689 238 X,
1729 174 1777 225 8.
1816 174 1847 222 9
2165 170 2294 236 259

276 321 483 396 pulsus
522 318 838 378 crebritate
872 321 933 376 et
961 316 1305 378 obturantes
1332 317 1629 378 foramina.
1657 319 1941 395 cymbalis
1971 322 2295 398 superiora,

279 427 417 468 aera
473 409 575 484 qui
622 410 713 467 est
756 406 842 464 ibi
885 407 1147 466 inclusus
1190 406 1592 483 pressionibus
1641 411 1913 466 coactum
1955 409 2018 468 in
2062 409 2292 470 fistulas

278 501 515 574 cogunt,
553 517 662 574 per
706 513 853 573 quas
897 495 963 554 in
1005 495 1224 574 pnigea
1271 497 1568 555 concurrit
1612 499 1676 555 et
1716 516 1825 572 per
1869 496 1992 557 eius
2038 500 2292 559 cervices

170 598 258 647 (25)
275 586 340 645 in
386 587 665 646 arculam.
756 585 1017 644 motione
1062 603 1202 643 vero
1247 586 1507 646 vectium
1551 578 2004 667 vehemenltiore
2049 587 2292 663 spiritus

224 696 249 736 5
275 677 552 752 frequens
599 691 964 749 compressus
1010 673 1407 749 epitoniorum
1442 675 1736 750 aperturis
1773 675 1969 734 influit
2007 679 2068 734 et
2102 677 2294 752 replet

279 765 479 824 anima
534 763 786 823 canales,
875 763 1081 838 itaque
1136 781 1271 821 cum
1322 764 1540 839 pinnae
1593 763 1863 824 manibus
1912 766 2113 824 tactae
2156 785 2290 841 pro·
2330 778 2361 827 6

140 862 258 918 263
277 855 511 930 pellunt
546 855 607 911 et
640 851 933 911 reducunt
968 851 1339 912 continenter
1361 853 1600 930 regulas
1627 854 1872 914 alternis
1912 845 1922 936 Ι
1963 853 2292 914 obturando

273 942 569 1002 foramina
614 940 861 999 alternis
907 939 1257 1016 aperiund0‚
1312 960 1344 998 e
1390 942 1630 1001 musicis
1676 942 1902 1002 artibus
1947 943 2292 1019 multiplici-

276 1031 384 1090 bus
429 1031 803 1090 modulorum
846 1029 1237 1088 varietatibus
1282 1033 1560 1089 sonantes
1607 1031 1865 1090 excitant
1907 1051 2096 1094 voces.

197 1142 251 1181 ιο
411 1118 711 1189 Quantum
772 1118 943 1194 potui
1005 1118 1120 1176 niti
1182 1121 1251 1176 ut
1314 1117 1565 1178 obscura
1607 1138 1718 1178 res
1775 1140 1884 1195 per
1935 1123 2292 1197 scripturam

274 1208 531 1267 dilucide
576 1208 1061 1284 pronuntiaretur
1106 1207 1409 1282 contendi,
1463 1208 1564 1266 sed
1608 1207 1754 1266 haec
1799 1228 1916 1268 non
1964 1214 2054 1270 est
2096 1211 2290 1271 facilis

195 1309 255 1361 (5)
272 1298 429 1356 ratio
470 1294 480 1377 1
518 1316 709 1374 neque
764 1296 1033 1355 omnibus
1089 1295 1366 1372 expedita
1418 1296 1496 1354 ad
1548 1296 2012 1372 intellegendum
2054 1302 2292 1373 praeter

276 1405 395 1446 eos·
431 1388 534 1462 qui
586 1386 651 1444 in
703 1385 796 1444 his
852 1385 1163 1462 generibus
1217 1384 1442 1444 habent
1496 1385 1989 1445 exercitationem.
2081 1388 2290 1461 quodsi

277 1476 379 1551 qui
424 1495 637 1551 parum
680 1475 1043 1533 intellexerit
1087 1492 1158 1532 ex
1203 1473 1458 1549 scriptia
1503 1493 1639 1533 cum
1683 1474 1878 1550 ipsam
1913 1493 2040 1533 rem
2076 1493 2288 1552 cogno-

194 1584 245 1625 15
274 1568 399 1623 scet
443 1566 709 1640 profecto
755 1563 1019 1622 inveniet
1063 1563 1289 1623 curiose
1326 1565 1388 1622 et
1425 1562 1726 1623 subtiliter
1762 1564 1962 1622 omnia
1998 1563 2287 1622 ordinata.
2343 1599 2347 1602 -

406 1654 787 1713 Transfertur
831 1671 989 1710 nunc
1024 1650 1309 1729 cogitatio
1347 1651 1676 1728 scripturae
1712 1651 1790 1710 ad
1833 1651 2126 1710 rationem
2170 1671 2289 1711 non
2317 1661 2392 1715 IX

166 1733 285 1824 (ιο)1
317 1742 591 1801 inutilem
636 1741 739 1801 sed
782 1758 1012 1800 summa
1057 1740 1325 1800 sollertia
1370 1759 1408 1798 a
1451 1740 1774 1800 maioribus
1818 1741 2123 1818 traditam,
2172 1759 2289 1817 qua

271 1832 337 1890 in
384 1831 483 1889 via
526 1830 709 1889 raeda
754 1829 1023 1888 sedentes
1066 1829 1163 1887 vel
1208 1829 1361 1887 mari
1406 1830 1758 1906 navigantes
1803 1829 1951 1888 scire
1994 1831 2287 1905 possimus

270 1922 419 1995 quot
464 1919 633 1978 milia
676 1937 923 1977 numero
966 1917 1199 1978 itineris
1243 1917 1570 1979 fecerimus,
1643 1918 1754 1978 hoc
1800 1921 1999 1979 autem
2037 1919 2151 1979 erit
2187 1919 2287 1980 sic.

192 2031 243 2070 zo
269 2012 437 2067 rotae
498 2027 649 2085 quae
710 2010 883 2067 erunt
940 2009 1004 2065 in
1060 2007 1242 2066 raeda
1300 2009 1422 2067 sint
1479 2008 1641 2067 latae
1693 2028 1801 2084 per
1852 2009 2108 2067 mediam
2161 2008 2287 2067 dia-

269 2100 500 2156 metron
556 2097 775 2173 pedum
835 2099 1188 2172 quaternum
1248 2099 1309 2155 et
1369 2098 1682 2173 sextantiS‚
1738 2101 1807 2156 ut
1865 2115 1998 2155 cum
2049 2096 2288 2156 finitum
2393 2140 2398 2145 -

164 2200 251 2252 (15)
270 2188 469 2247 locum
512 2187 732 2245 habeat
764 2186 830 2243 in
866 2204 927 2244 se
963 2188 1097 2245 rota
1132 2185 1208 2244 ab
1248 2205 1432 2261 eoque
1473 2180 1482 2265 1
1521 2185 1772 2262 incipiat
1804 2186 2186 2263 progrediens
2221 2186 2286 2245 in

272 2278 396 2336 solo
442 2276 575 2335 viae
618 2276 813 2335 facere
856 2275 1279 2349 versationem,
1327 2275 1722 2351 perveniendo
1769 2274 1845 2333 ad
1891 2293 2024 2333 eam
2066 2274 2286 2334 finitio-

269 2384 405 2424 nem
460 2384 497 2424 a
547 2384 665 2441 qua
711 2365 972 2439 coeperit
1015 2364 1242 2424 versari
1286 2366 1514 2423 certum
1557 2364 1796 2422 modum
1841 2363 2023 2439 spatii
2066 2362 2285 2423 habeat

192 2474 243 2516 25
268 2458 577 2530 peractum
626 2454 846 2529 pedum
890 2470 978 2510 x11
1007 2470 1054 2511 s.
1134 2452 1229 2511 his
1272 2452 1362 2511 ita
1404 2453 1776 2529 praeparatis
1819 2455 1962 2511 tunc
2007 2450 2072 2511 in
2116 2456 2283 2511 rotae
2321 2467 2354 2515 2

270 2544 527 2602 modiolo
575 2543 652 2601 ad
696 2545 929 2618 partem
973 2541 1316 2600 interiorem
1362 2544 1713 2617 tympanum
1759 2541 2056 2599 stabiliter
2099 2541 2284 2600 inclu-

164 2644 250 2697 (80)
271 2632 447 2691 datur
490 2630 711 2690 habens
759 2635 925 2690 extra
968 2630 1226 2690 frontem
1270 2648 1412 2689 suae
1457 2630 1892 2690 rotundationis
1934 2626 1943 2708 1
1985 2633 2285 2689 extantem

268 2721 633 2780 denticulum
677 2740 882 2779 unum.
927 2719 1169 2794 insuper
1215 2722 1416 2777 autem
1462 2719 1539 2778 ad
1585 2710 1828 2795 capsum
1872 2718 2086 2777 raedae
2123 2719 2282 2779 locu-

266 2810 595 2869 lamentum
647 2808 896 2867 firmiter
947 2807 1167 2885 figatur
1218 2807 1443 2867 habens
1503 2810 1854 2884 tympanum
1896 2808 2176 2867 versatile
2219 2808 2283 2865 in

187 2919 240 2960 so
268 2900 457 2958 cultro
504 2898 879 2957 conlocatum
924 2899 986 2955 et
1028 2898 1092 2954 in
1139 2896 1371 2956 axiculo
1419 2897 1776 2973 conclusum,
1819 2897 1883 2954 in
1929 2896 2093 2955 cuius
2129 2899 2282 2972 tym-

408 3110 439 3157 2
467 3103 551 3157 ibi
579 3102 765 3158 clusus
792 3120 847 3157 x.
876 3104 895 3171 11
922 3108 954 3155 3
980 3118 1161 3173 pquas
1188 3100 1440 3183 inlignea
1465 3118 1518 3156 x.
1547 3102 1568 3170 11
1593 3106 1628 3154 4
1656 3116 1845 3154 arcam
1870 3117 1911 3155 ω
1939 3101 2094 3169 (efforr
2115 3102 2281 3155 Butt-

158 3209 166 3216 -
262 3177 466 3246 mann).
502 3174 512 3247 1
542 3172 983 3229 vehementiores
1018 3190 1072 3228 x.
1103 3175 1181 3243 116
1218 3174 1442 3227 animae
1471 3174 1547 3244 (·e
1579 3172 1838 3297 .311ω.117
1869 3174 2134 3242 opturant
2165 3170 2281 3239 (ob-

264 3244 470 3300 durant
491 3247 565 3316 G)
590 3244 629 3301 f.
657 3262 713 3300 x.
742 3248 821 3313 118
850 3175 1151 3313 aperiendno
1184 3243 1299 3313 6.11
1327 3250 1391 3296 11
1423 3242 1606 3297 deluci
1647 3259 1759 3384 οξ).
1788 3244 1808 3313 11
1836 3248 1903 3296 14
1932 3259 2022 3297 ex:
2053 3244 2109 3296 et
2135 3244 2283 3301 (amte

261 3319 420 3385 corr.)
450 3317 520 3373 G.
623 3321 689 3369 19
726 3316 879 3385 quod
912 3333 967 3371 x.
1010 3318 1029 3385 11
1068 3320 1139 3369 20
1175 3318 1340 3369 erunt
1373 3318 1522 3385 (ante
1555 3316 1714 3384 corr.)
1750 3330 1852 3369 om.
1884 3314 1936 3369 G
1970 3316 2104 3384 (non
2140 3314 2233 3379 E).
2267 3312 2276 3385 1

260 3386 508 3441 medium
582 3387 821 3442 iametrii
856 3404 911 3442 x.
958 3389 978 3457 11
1023 3391 1088 3440 21
1125 3385 1275 3456 pedu
1319 3386 1595 3454 quaternu
1631 3385 1679 3439 ὦ
1715 3387 1794 3454 (et
1821 3385 1961 3454 Ε6)
1997 3386 2279 3438 sextantes

262 3461 362 3528 (-te
390 3460 490 3529 Ec)
516 3478 556 3514 x
584 3460 703 3531 (ubi
736 3461 795 3514 et
830 3459 968 3513 sext.
997 3458 1263 3513 deleverat
1288 3458 1446 3513 Helm.
1476 3474 1598 3512 cwm
1625 3456 1777 3511 Perr.
1806 3458 1936 3525 etc).
1967 3457 1996 3524 11
2013 3460 2078 3509 25
2107 3454 2279 3525 pedes

264 3549 355 3584 .111
391 3533 483 3600 (xv
508 3531 594 3602 Ε)
633 3549 691 3585 ‚s
729 3549 785 3587 x.
832 3532 851 3601 11
897 3535 965 3583 26
1002 3527 1261 3584 inferiore
1296 3547 1352 3583 x.
1399 3531 1420 3599 11
1463 3532 1531 3583 29
1570 3526 1892 3583 versatilem
1929 3528 2004 3596 (·e
2034 3527 2107 3596 G)
2141 3544 2196 3582 x.

1771 3614 1956 3691 *17*
