<?xml version="1.0" encoding="UTF-8"?>
<!DOCTYPE html PUBLIC "-//W3C//DTD XHTML 1.0 Transitional//EN"
    "http://www.w3.org/TR/xhtml1/DTD/xhtml1-transitional.dtd">
<html xmlns="http://www.w3.org/1999/xhtml" xml:lang="en" lang="en">
 <head>
  <title>
</title>
<meta http-equiv="Content-Type" content="text/html;charset=utf-8" />
  <meta name='ocr-system' content='tesseract 3.04.00' />
  <meta name='ocr-capabilities' content='ocr_page ocr_carea ocr_par ocr_line ocrx_word'/>
</head>
<body>
  <div class='ocr_page' id='page_1' title='image "./vitruviidearchi00pollgoog_0272.png"; bbox 0 0 2664 3927; ppageno 0'>
   <div class='ocr_carea' id='block_1_1' title="bbox 347 154 1517 222">
    <p class='ocr_par' dir='ltr' id='par_1_1' title="bbox 347 154 1517 222">
     <span class='ocr_line' id='line_1_1' title="bbox 347 154 1517 222; baseline -0.015 1"><span class='ocrx_word' id='word_1_1' title='bbox 347 159 388 222; x_wconf 77' lang='lat'>2</span> <span class='ocrx_word' id='word_1_2' title='bbox 395 159 479 222; x_wconf 85' lang='lat'>36</span> <span class='ocrx_word' id='word_1_3' title='bbox 1188 155 1411 208; x_wconf 85' lang='lat' dir='ltr'>VlTRU</span> <span class='ocrx_word' id='word_1_4' title='bbox 1420 154 1517 208; x_wconf 89' lang='lat' dir='ltr'>VII</span> 
     </span>
    </p>
   </div>
   <div class='ocr_carea' id='block_1_2' title="bbox 297 303 2517 2689">
    <p class='ocr_par' dir='ltr' id='par_1_2' title="bbox 297 303 2517 2689">
     <span class='ocr_line' id='line_1_2' title="bbox 349 303 2367 381; baseline -0.002 -15"><span class='ocrx_word' id='word_1_5' title='bbox 349 308 679 367; x_wconf 88' lang='lat' dir='ltr'>rationibus</span> <span class='ocrx_word' id='word_1_6' title='bbox 736 310 797 366; x_wconf 87' lang='lat' dir='ltr'>et</span> <span class='ocrx_word' id='word_1_7' title='bbox 848 307 1284 366; x_wconf 74' lang='lat' dir='ltr'>machinatione</span> <span class='ocrx_word' id='word_1_8' title='bbox 1342 325 1411 364; x_wconf 85' lang='lat' dir='ltr'>ex</span> <span class='ocrx_word' id='word_1_9' title='bbox 1457 323 1615 381; x_wconf 85' lang='lat' dir='ltr'>aqua</span> <span class='ocrx_word' id='word_1_10' title='bbox 1660 308 2091 379; x_wconf 88' lang='lat' dir='ltr'>componuntur</span> <span class='ocrx_word' id='word_1_11' title='bbox 2133 303 2367 364; x_wconf 91' lang='lat' dir='ltr'>horolo-</span> 
     </span>
     <span class='ocr_line' id='line_1_3' title="bbox 353 393 2367 473; baseline -0.002 -18"><span class='ocrx_word' id='word_1_12' title='bbox 353 399 583 473; x_wconf 84' lang='lat' dir='ltr'><strong>giorum</strong></span> <span class='ocrx_word' id='word_1_13' title='bbox 639 396 713 454; x_wconf 92' lang='lat' dir='ltr'>ad</span> <span class='ocrx_word' id='word_1_14' title='bbox 765 396 1077 454; x_wconf 89' lang='lat' dir='ltr'>hibernum</span> <span class='ocrx_word' id='word_1_15' title='bbox 1121 414 1292 454; x_wconf 85' lang='lat' dir='ltr'>usum</span> <span class='ocrx_word' id='word_1_16' title='bbox 1340 394 1789 454; x_wconf 82' lang='lat' dir='ltr'>conlocationeS.</span> <span class='ocrx_word' id='word_1_17' title='bbox 1880 393 1972 451; x_wconf 90' lang='lat' dir='ltr'>sin</span> <span class='ocrx_word' id='word_1_18' title='bbox 2019 396 2220 452; x_wconf 89' lang='lat' dir='ltr'>autem</span> <span class='ocrx_word' id='word_1_19' title='bbox 2266 393 2367 451; x_wconf 89' lang='lat' dir='ltr'>ad-</span> 
     </span>
     <span class='ocr_line' id='line_1_4' title="bbox 351 481 2367 557; baseline -0.002 -15"><span class='ocrx_word' id='word_1_20' title='bbox 351 486 700 544; x_wconf 87' lang='lat' dir='ltr'>iectionibus</span> <span class='ocrx_word' id='word_1_21' title='bbox 757 487 817 543; x_wconf 91' lang='lat' dir='ltr'>et</span> <span class='ocrx_word' id='word_1_22' title='bbox 872 484 1335 544; x_wconf 74' lang='lat' dir='ltr'>detractionibus</span> <span class='ocrx_word' id='word_1_23' title='bbox 1382 485 1777 557; x_wconf 85' lang='lat' dir='ltr'>correptiones</span> <span class='ocrx_word' id='word_1_24' title='bbox 1823 481 2051 540; x_wconf 90' lang='lat' dir='ltr'>dierum</span> <span class='ocrx_word' id='word_1_25' title='bbox 2098 484 2203 540; x_wconf 89' lang='lat' dir='ltr'>aut</span> <span class='ocrx_word' id='word_1_26' title='bbox 2248 500 2367 539; x_wconf 89' lang='lat' dir='ltr'>cre-</span> 
     </span>
     <span class='ocr_line' id='line_1_5' title="bbox 352 570 2369 648; baseline -0.003 -16"><span class='ocrx_word' id='word_1_27' title='bbox 352 575 609 632; x_wconf 89' lang='lat' dir='ltr'>scentiae</span> <span class='ocrx_word' id='word_1_28' title='bbox 684 593 752 632; x_wconf 83' lang='lat' dir='ltr'>ex</span> <span class='ocrx_word' id='word_1_29' title='bbox 824 573 1022 631; x_wconf 90' lang='lat' dir='ltr'>cuneis</span> <span class='ocrx_word' id='word_1_30' title='bbox 1093 591 1212 631; x_wconf 91' lang='lat' dir='ltr'>non</span> <span class='ocrx_word' id='word_1_31' title='bbox 1275 571 1685 648; x_wconf 89' lang='lat' dir='ltr'>probabuntur</span> <span class='ocrx_word' id='word_1_32' title='bbox 1746 570 1901 646; x_wconf 90' lang='lat' dir='ltr'>fieri,</span> <span class='ocrx_word' id='word_1_33' title='bbox 1975 570 2134 647; x_wconf 91' lang='lat' dir='ltr'>quod</span> <span class='ocrx_word' id='word_1_34' title='bbox 2196 570 2369 629; x_wconf 88' lang='lat' dir='ltr'>cunei</span> 
     </span>
     <span class='ocr_line' id='line_1_6' title="bbox 352 653 2510 742; baseline -0.005 -21"><span class='ocrx_word' id='word_1_35' title='bbox 352 663 694 738; x_wconf 81' lang='lat' dir='ltr'>saepissime</span> <span class='ocrx_word' id='word_1_36' title='bbox 730 662 879 720; x_wconf 86' lang='lat' dir='ltr'>vitia</span> <span class='ocrx_word' id='word_1_37' title='bbox 915 653 1178 742; x_wconf 75' lang='lat' dir='ltr'>falciunt,</span> <span class='ocrx_word' id='word_1_38' title='bbox 1217 661 1300 720; x_wconf 91' lang='lat' dir='ltr'>sic</span> <span class='ocrx_word' id='word_1_39' title='bbox 1329 658 1443 718; x_wconf 86' lang='lat' dir='ltr'>erit</span> <span class='ocrx_word' id='word_1_40' title='bbox 1470 660 1898 735; x_wconf 83' lang='lat' dir='ltr'>explicandum.</span> <span class='ocrx_word' id='word_1_41' title='bbox 1963 661 2026 717; x_wconf 90' lang='lat' dir='ltr'>in</span> <span class='ocrx_word' id='word_1_42' title='bbox 2054 659 2510 723; x_wconf 48' lang='lat' dir='ltr'>columellam&amp;</span> 
     </span>
     <span class='ocr_line' id='line_1_7' title="bbox 353 748 2368 823; baseline -0 -16"><span class='ocrx_word' id='word_1_43' title='bbox 353 751 534 810; x_wconf 88' lang='lat' dir='ltr'>horae</span> <span class='ocrx_word' id='word_1_44' title='bbox 583 770 652 808; x_wconf 82' lang='lat' dir='ltr'>ex</span> <span class='ocrx_word' id='word_1_45' title='bbox 697 752 1124 808; x_wconf 82' lang='lat' dir='ltr'>analemmatos</span> <span class='ocrx_word' id='word_1_46' title='bbox 1163 753 1497 808; x_wconf 83' lang='lat' dir='ltr'>transverse</span> <span class='ocrx_word' id='word_1_47' title='bbox 1536 748 1959 823; x_wconf 87' lang='lat' dir='ltr'>describantur,</span> <span class='ocrx_word' id='word_1_48' title='bbox 2003 751 2368 806; x_wconf 88' lang='lat' dir='ltr'>menstruae-</span> 
     </span>
     <span class='ocr_line' id='line_1_8' title="bbox 356 835 2370 915; baseline -0.001 -18"><span class='ocrx_word' id='word_1_49' title='bbox 356 859 468 915; x_wconf 89' lang='lat' dir='ltr'>que</span> <span class='ocrx_word' id='word_1_50' title='bbox 515 840 706 897; x_wconf 89' lang='lat' dir='ltr'>lineae</span> <span class='ocrx_word' id='word_1_51' title='bbox 739 839 1067 902; x_wconf 65' lang='lat' dir='ltr'>‚columella</span> <span class='ocrx_word' id='word_1_52' title='bbox 1114 839 1439 914; x_wconf 87' lang='lat' dir='ltr'>signentur.</span> <span class='ocrx_word' id='word_1_53' title='bbox 1525 855 1710 912; x_wconf 89' lang='lat' dir='ltr'>eaque</span> <span class='ocrx_word' id='word_1_54' title='bbox 1756 836 2027 896; x_wconf 87' lang='lat' dir='ltr'>columna</span> <span class='ocrx_word' id='word_1_55' title='bbox 2073 835 2370 896; x_wconf 85' lang='lat' dir='ltr'>versatilis</span> 
     </span>
     <span class='ocr_line' id='line_1_9' title="bbox 353 919 2517 1008; baseline -0.002 -21"><span class='ocrx_word' id='word_1_56' title='bbox 353 928 708 1004; x_wconf 82' lang='lat' dir='ltr'>perficiatur,</span> <span class='ocrx_word' id='word_1_57' title='bbox 755 929 844 984; x_wconf 90' lang='lat' dir='ltr'>uti</span> <span class='ocrx_word' id='word_1_58' title='bbox 884 928 959 985; x_wconf 89' lang='lat' dir='ltr'>ad</span> <span class='ocrx_word' id='word_1_59' title='bbox 995 919 1280 1008; x_wconf 54' lang='lat' dir='ltr'>silgillum</span> <span class='ocrx_word' id='word_1_60' title='bbox 1313 927 1745 1002; x_wconf 83' lang='lat' dir='ltr'>virgulamque,</span> <span class='ocrx_word' id='word_1_61' title='bbox 1783 944 1901 1000; x_wconf 87' lang='lat' dir='ltr'>qua</span> <span class='ocrx_word' id='word_1_62' title='bbox 1937 925 2173 1002; x_wconf 87' lang='lat' dir='ltr'>virgula</span> <span class='ocrx_word' id='word_1_63' title='bbox 2194 943 2371 1001; x_wconf 74' lang='lat' dir='ltr'>‘egre-</span> <span class='ocrx_word' id='word_1_64' title='bbox 2391 933 2517 990; x_wconf 74' lang='grc'>239</span> 
     </span>
     <span class='ocr_line' id='line_1_10' title="bbox 354 1014 2372 1092; baseline -0.001 -19"><span class='ocrx_word' id='word_1_65' title='bbox 354 1017 518 1074; x_wconf 89' lang='lat' dir='ltr'>diens</span> <span class='ocrx_word' id='word_1_66' title='bbox 557 1016 823 1092; x_wconf 89' lang='lat' dir='ltr'>sigillum</span> <span class='ocrx_word' id='word_1_67' title='bbox 860 1017 1122 1074; x_wconf 88' lang='lat' dir='ltr'>ostendit</span> <span class='ocrx_word' id='word_1_68' title='bbox 1145 1016 1343 1090; x_wconf 82' lang='lat' dir='ltr'>horaS,</span> <span class='ocrx_word' id='word_1_69' title='bbox 1379 1015 1653 1074; x_wconf 89' lang='lat' dir='ltr'>columna</span> <span class='ocrx_word' id='word_1_70' title='bbox 1683 1014 1971 1073; x_wconf 85' lang='lat' dir='ltr'>versando</span> <span class='ocrx_word' id='word_1_71' title='bbox 2001 1014 2372 1074; x_wconf 88' lang='lat' dir='ltr'>continenter</span> 
     </span>
     <span class='ocr_line' id='line_1_11' title="bbox 355 1102 2455 1181; baseline -0.001 -17"><span class='ocrx_word' id='word_1_72' title='bbox 355 1107 446 1164; x_wconf 90' lang='lat' dir='ltr'>sui</span> <span class='ocrx_word' id='word_1_73' title='bbox 483 1105 764 1181; x_wconf 90' lang='lat' dir='ltr'>cuiusque</span> <span class='ocrx_word' id='word_1_74' title='bbox 797 1105 1015 1163; x_wconf 89' lang='lat' dir='ltr'>mensis</span> <span class='ocrx_word' id='word_1_75' title='bbox 1041 1104 1363 1163; x_wconf 83' lang='lat' dir='ltr'>brevitates</span> <span class='ocrx_word' id='word_1_76' title='bbox 1394 1107 1454 1162; x_wconf 89' lang='lat' dir='ltr'>et</span> <span class='ocrx_word' id='word_1_77' title='bbox 1480 1102 1831 1162; x_wconf 83' lang='lat' dir='ltr'>crescentias</span> <span class='ocrx_word' id='word_1_78' title='bbox 1858 1103 2045 1160; x_wconf 88' lang='lat' dir='ltr'>faciat</span> <span class='ocrx_word' id='word_1_79' title='bbox 2071 1103 2367 1161; x_wconf 87' lang='lat' dir='ltr'>horarum.</span> <span class='ocrx_word' id='word_1_80' title='bbox 2400 1124 2455 1162; x_wconf 79' lang='grc' dir='ltr'>ιο</span> 
     </span>
     <span class='ocr_line' id='line_1_12' title="bbox 487 1190 2372 1270; baseline -0.002 -18"><span class='ocrx_word' id='word_1_81' title='bbox 487 1194 670 1252; x_wconf 86' lang='lat' dir='ltr'>Fiunt</span> <span class='ocrx_word' id='word_1_82' title='bbox 715 1194 898 1252; x_wconf 87' lang='lat' dir='ltr'>etiam</span> <span class='ocrx_word' id='word_1_83' title='bbox 945 1193 1062 1251; x_wconf 91' lang='lat' dir='ltr'>alio</span> <span class='ocrx_word' id='word_1_84' title='bbox 1108 1212 1321 1270; x_wconf 86' lang='lat' dir='ltr'>genere</span> <span class='ocrx_word' id='word_1_85' title='bbox 1367 1191 1676 1268; x_wconf 87' lang='lat' dir='ltr'>horologia</span> <span class='ocrx_word' id='word_1_86' title='bbox 1719 1190 1984 1265; x_wconf 85' lang='lat' dir='ltr'>hiberna,</span> <span class='ocrx_word' id='word_1_87' title='bbox 2030 1209 2185 1266; x_wconf 85' lang='lat' dir='ltr'>quae</span> <span class='ocrx_word' id='word_1_88' title='bbox 2232 1208 2372 1248; x_wconf 85' lang='lat' dir='ltr'>ana-</span> 
     </span>
     <span class='ocr_line' id='line_1_13' title="bbox 358 1274 2459 1363; baseline 0.001 -23"><span class='ocrx_word' id='word_1_89' title='bbox 358 1274 616 1363; x_wconf 71' lang='lat' dir='ltr'>{phorica</span> <span class='ocrx_word' id='word_1_90' title='bbox 653 1282 933 1341; x_wconf 90' lang='lat' dir='ltr'>dicuntur</span> <span class='ocrx_word' id='word_1_91' title='bbox 967 1282 1472 1358; x_wconf 87' lang='lat' dir='ltr'>perficiunturque</span> <span class='ocrx_word' id='word_1_92' title='bbox 1508 1279 1836 1338; x_wconf 87' lang='lat' dir='ltr'>rationibus</span> <span class='ocrx_word' id='word_1_93' title='bbox 1872 1279 1981 1339; x_wconf 89' lang='lat' dir='ltr'>his.</span> <span class='ocrx_word' id='word_1_94' title='bbox 2038 1279 2217 1338; x_wconf 87' lang='lat' dir='ltr'>horae</span> <span class='ocrx_word' id='word_1_95' title='bbox 2254 1279 2371 1337; x_wconf 88' lang='lat' dir='ltr'>dis·</span> <span class='ocrx_word' id='word_1_96' title='bbox 2392 1291 2459 1342; x_wconf 82' lang='lat'>(5)</span> 
     </span>
     <span class='ocr_line' id='line_1_14' title="bbox 352 1367 2371 1447; baseline -0.001 -18"><span class='ocrx_word' id='word_1_97' title='bbox 352 1374 655 1447; x_wconf 89' lang='lat' dir='ltr'>ponuntur</span> <span class='ocrx_word' id='word_1_98' title='bbox 709 1391 778 1430; x_wconf 83' lang='lat' dir='ltr'>ex</span> <span class='ocrx_word' id='word_1_99' title='bbox 832 1371 1083 1447; x_wconf 83' lang='lat' dir='ltr'>virgulis</span> <span class='ocrx_word' id='word_1_100' title='bbox 1138 1371 1336 1428; x_wconf 86' lang='lat' dir='ltr'>aeneis</span> <span class='ocrx_word' id='word_1_101' title='bbox 1392 1389 1462 1426; x_wconf 84' lang='lat' dir='ltr'>ex</span> <span class='ocrx_word' id='word_1_102' title='bbox 1508 1369 1934 1427; x_wconf 78' lang='lat' dir='ltr'>analemmatos</span> <span class='ocrx_word' id='word_1_103' title='bbox 1979 1367 2371 1443; x_wconf 84' lang='lat' dir='ltr'>descriptione</span> 
     </span>
     <span class='ocr_line' id='line_1_15' title="bbox 354 1456 2371 1535; baseline -0.002 -18"><span class='ocrx_word' id='word_1_104' title='bbox 354 1460 428 1518; x_wconf 89' lang='lat' dir='ltr'>ab</span> <span class='ocrx_word' id='word_1_105' title='bbox 476 1464 676 1519; x_wconf 89' lang='lat' dir='ltr'>centro</span> <span class='ocrx_word' id='word_1_106' title='bbox 723 1459 1045 1535; x_wconf 90' lang='lat' dir='ltr'>dispositae</span> <span class='ocrx_word' id='word_1_107' title='bbox 1090 1459 1155 1516; x_wconf 90' lang='lat' dir='ltr'>in</span> <span class='ocrx_word' id='word_1_108' title='bbox 1199 1459 1411 1517; x_wconf 86' lang='lat' dir='ltr'>fronte.</span> <span class='ocrx_word' id='word_1_109' title='bbox 1483 1458 1547 1515; x_wconf 88' lang='lat' dir='ltr'>in</span> <span class='ocrx_word' id='word_1_110' title='bbox 1594 1476 1665 1515; x_wconf 83' lang='lat' dir='ltr'>ea</span> <span class='ocrx_word' id='word_1_111' title='bbox 1711 1457 1916 1516; x_wconf 89' lang='lat' dir='ltr'>circuli</span> <span class='ocrx_word' id='word_1_112' title='bbox 1953 1459 2092 1514; x_wconf 89' lang='lat' dir='ltr'>sunt</span> <span class='ocrx_word' id='word_1_113' title='bbox 2128 1456 2371 1515; x_wconf 89' lang='lat' dir='ltr'>circum-</span> 
     </span>
     <span class='ocr_line' id='line_1_16' title="bbox 355 1545 2459 1622; baseline -0.001 -15"><span class='ocrx_word' id='word_1_114' title='bbox 355 1549 482 1607; x_wconf 89' lang='lat' dir='ltr'>dati</span> <span class='ocrx_word' id='word_1_115' title='bbox 527 1551 830 1607; x_wconf 88' lang='lat' dir='ltr'>menstrua</span> <span class='ocrx_word' id='word_1_116' title='bbox 876 1549 1072 1622; x_wconf 89' lang='lat' dir='ltr'>spatia</span> <span class='ocrx_word' id='word_1_117' title='bbox 1116 1547 1406 1604; x_wconf 78' lang='lat' dir='ltr'>finientes,</span> <span class='ocrx_word' id='word_1_118' title='bbox 1491 1549 1629 1621; x_wconf 88' lang='lat' dir='ltr'>post</span> <span class='ocrx_word' id='word_1_119' title='bbox 1672 1545 1781 1604; x_wconf 88' lang='lat' dir='ltr'>has</span> <span class='ocrx_word' id='word_1_120' title='bbox 1825 1546 2091 1622; x_wconf 84' lang='lat' dir='ltr'>virgulas</span> <span class='ocrx_word' id='word_1_121' title='bbox 2137 1548 2371 1620; x_wconf 81' lang='lat' dir='ltr'>tympa·</span> <span class='ocrx_word' id='word_1_122' title='bbox 2402 1566 2459 1606; x_wconf 87' lang='lat'>15</span> 
     </span>
     <span class='ocr_line' id='line_1_17' title="bbox 353 1633 2371 1712; baseline -0.001 -18"><span class='ocrx_word' id='word_1_123' title='bbox 353 1658 515 1712; x_wconf 89' lang='lat' dir='ltr'>num,</span> <span class='ocrx_word' id='word_1_124' title='bbox 559 1638 622 1694; x_wconf 91' lang='lat' dir='ltr'>in</span> <span class='ocrx_word' id='word_1_125' title='bbox 662 1655 778 1712; x_wconf 91' lang='lat' dir='ltr'>quo</span> <span class='ocrx_word' id='word_1_126' title='bbox 817 1636 1144 1710; x_wconf 88' lang='lat' dir='ltr'>descriptus</span> <span class='ocrx_word' id='word_1_127' title='bbox 1183 1638 1244 1694; x_wconf 87' lang='lat' dir='ltr'>et</span> <span class='ocrx_word' id='word_1_128' title='bbox 1279 1635 1549 1710; x_wconf 87' lang='lat' dir='ltr'>depictus</span> <span class='ocrx_word' id='word_1_129' title='bbox 1588 1637 1679 1692; x_wconf 91' lang='lat' dir='ltr'>est</span> <span class='ocrx_word' id='word_1_130' title='bbox 1714 1634 1967 1692; x_wconf 89' lang='lat' dir='ltr'>mundus</span> <span class='ocrx_word' id='word_1_131' title='bbox 2005 1633 2371 1711; x_wconf 86' lang='lat' dir='ltr'>signiferque</span> 
     </span>
     <span class='ocr_line' id='line_1_18' title="bbox 355 1721 2485 1802; baseline -0.002 -19"><span class='ocrx_word' id='word_1_132' title='bbox 355 1727 627 1800; x_wconf 88' lang='lat' dir='ltr'>circulus,</span> <span class='ocrx_word' id='word_1_133' title='bbox 678 1721 684 1802; x_wconf 84' lang='grc' dir='ltr'>Ι</span> <span class='ocrx_word' id='word_1_134' title='bbox 735 1724 1168 1799; x_wconf 89' lang='lat' dir='ltr'>descriptioque</span> <span class='ocrx_word' id='word_1_135' title='bbox 1244 1743 1313 1781; x_wconf 85' lang='lat' dir='ltr'>ex</span> <span class='ocrx_word' id='word_1_136' title='bbox 1376 1741 1465 1780; x_wconf 74' lang='grc' dir='ltr'>ΧΠ</span> <span class='ocrx_word' id='word_1_137' title='bbox 1528 1723 1873 1782; x_wconf 90' lang='lat' dir='ltr'>caelestium</span> <span class='ocrx_word' id='word_1_138' title='bbox 1936 1723 2240 1799; x_wconf 87' lang='lat' dir='ltr'>signorum</span> <span class='ocrx_word' id='word_1_139' title='bbox 2300 1721 2371 1780; x_wconf 88' lang='lat' dir='ltr'>fit</span> <span class='ocrx_word' id='word_1_140' title='bbox 2390 1739 2485 1789; x_wconf 80' lang='grc' dir='ltr'>(ιο)</span> 
     </span>
     <span class='ocr_line' id='line_1_19' title="bbox 353 1810 2372 1890; baseline -0.002 -18"><span class='ocrx_word' id='word_1_141' title='bbox 353 1815 576 1890; x_wconf 87' lang='lat' dir='ltr'>figura,</span> <span class='ocrx_word' id='word_1_142' title='bbox 629 1814 794 1872; x_wconf 89' lang='lat' dir='ltr'>cuius</span> <span class='ocrx_word' id='word_1_143' title='bbox 855 1832 923 1871; x_wconf 83' lang='lat' dir='ltr'>ex</span> <span class='ocrx_word' id='word_1_144' title='bbox 979 1815 1178 1871; x_wconf 87' lang='lat' dir='ltr'>centro</span> <span class='ocrx_word' id='word_1_145' title='bbox 1234 1813 1600 1871; x_wconf 85' lang='lat' dir='ltr'>deformatur</span> <span class='ocrx_word' id='word_1_146' title='bbox 1651 1831 1836 1870; x_wconf 88' lang='lat' dir='ltr'>unum</span> <span class='ocrx_word' id='word_1_147' title='bbox 1880 1813 2071 1870; x_wconf 89' lang='lat' dir='ltr'>maius</span> <span class='ocrx_word' id='word_1_148' title='bbox 2120 1810 2372 1870; x_wconf 89' lang='lat' dir='ltr'>alterum</span> 
     </span>
     <span class='ocr_line' id='line_1_20' title="bbox 355 1899 2371 1978; baseline -0 -19"><span class='ocrx_word' id='word_1_149' title='bbox 355 1903 565 1961; x_wconf 91' lang='lat' dir='ltr'>minus.</span> <span class='ocrx_word' id='word_1_150' title='bbox 638 1901 951 1978; x_wconf 86' lang='lat' dir='ltr'>posteriori</span> <span class='ocrx_word' id='word_1_151' title='bbox 1000 1904 1198 1960; x_wconf 91' lang='lat' dir='ltr'>autem</span> <span class='ocrx_word' id='word_1_152' title='bbox 1242 1902 1404 1978; x_wconf 89' lang='lat' dir='ltr'>parti</span> <span class='ocrx_word' id='word_1_153' title='bbox 1449 1903 1733 1977; x_wconf 83' lang='lat' dir='ltr'>tympano</span> <span class='ocrx_word' id='word_1_154' title='bbox 1780 1901 1973 1959; x_wconf 89' lang='lat' dir='ltr'>medio</span> <span class='ocrx_word' id='word_1_155' title='bbox 2012 1899 2137 1958; x_wconf 82' lang='lat' dir='ltr'>axis</span> <span class='ocrx_word' id='word_1_156' title='bbox 2175 1919 2371 1959; x_wconf 84' lang='lat' dir='ltr'>versa-</span> 
     </span>
     <span class='ocr_line' id='line_1_21' title="bbox 355 1990 2456 2067; baseline 0.002 -19"><span class='ocrx_word' id='word_1_157' title='bbox 355 1992 479 2050; x_wconf 90' lang='lat' dir='ltr'>tilis</span> <span class='ocrx_word' id='word_1_158' title='bbox 541 1993 630 2050; x_wconf 86' lang='lat' dir='ltr'>est</span> <span class='ocrx_word' id='word_1_159' title='bbox 687 1992 947 2050; x_wconf 87' lang='lat' dir='ltr'>inclusus</span> <span class='ocrx_word' id='word_1_160' title='bbox 1005 1992 1185 2067; x_wconf 90' lang='lat' dir='ltr'>inque</span> <span class='ocrx_word' id='word_1_161' title='bbox 1241 2010 1308 2049; x_wconf 91' lang='lat' dir='ltr'>eo</span> <span class='ocrx_word' id='word_1_162' title='bbox 1366 2010 1473 2048; x_wconf 84' lang='lat' dir='ltr'>axe</span> <span class='ocrx_word' id='word_1_163' title='bbox 1530 2010 1712 2049; x_wconf 90' lang='lat' dir='ltr'>aenea</span> <span class='ocrx_word' id='word_1_164' title='bbox 1764 1990 1962 2049; x_wconf 91' lang='lat' dir='ltr'>mollis</span> <span class='ocrx_word' id='word_1_165' title='bbox 2018 1993 2227 2048; x_wconf 86' lang='lat' dir='ltr'>catena</span> <span class='ocrx_word' id='word_1_166' title='bbox 2282 1992 2372 2048; x_wconf 89' lang='lat' dir='ltr'>est</span> <span class='ocrx_word' id='word_1_167' title='bbox 2402 2014 2456 2052; x_wconf 80' lang='lat'>20</span> 
     </span>
     <span class='ocr_line' id='line_1_22' title="bbox 354 2078 2371 2155; baseline -0.001 -18"><span class='ocrx_word' id='word_1_168' title='bbox 354 2080 650 2153; x_wconf 86' lang='lat' dir='ltr'>involuta,</span> <span class='ocrx_word' id='word_1_169' title='bbox 715 2099 786 2137; x_wconf 84' lang='lat' dir='ltr'>ex</span> <span class='ocrx_word' id='word_1_170' title='bbox 849 2099 970 2155; x_wconf 89' lang='lat' dir='ltr'>qua</span> <span class='ocrx_word' id='word_1_171' title='bbox 1032 2080 1250 2155; x_wconf 90' lang='lat' dir='ltr'>pendet</span> <span class='ocrx_word' id='word_1_172' title='bbox 1314 2099 1385 2137; x_wconf 83' lang='lat' dir='ltr'>ex</span> <span class='ocrx_word' id='word_1_173' title='bbox 1447 2098 1570 2137; x_wconf 89' lang='lat' dir='ltr'>una</span> <span class='ocrx_word' id='word_1_174' title='bbox 1627 2082 1798 2155; x_wconf 89' lang='lat' dir='ltr'>parte</span> <span class='ocrx_word' id='word_1_175' title='bbox 1852 2079 2081 2155; x_wconf 89' lang='lat' dir='ltr'>phellos</span> <span class='ocrx_word' id='word_1_176' title='bbox 2139 2079 2241 2153; x_wconf 90' lang='lat' dir='ltr'>qui</span> <span class='ocrx_word' id='word_1_177' title='bbox 2296 2078 2371 2136; x_wconf 86' lang='lat' dir='ltr'>ab</span> 
     </span>
     <span class='ocr_line' id='line_1_23' title="bbox 355 2162 2488 2246; baseline -0.002 -20"><span class='ocrx_word' id='word_1_178' title='bbox 355 2188 513 2243; x_wconf 87' lang='lat' dir='ltr'>aqua</span> <span class='ocrx_word' id='word_1_179' title='bbox 576 2168 944 2243; x_wconf 85' lang='lat' dir='ltr'>sublevatur,</span> <span class='ocrx_word' id='word_1_180' title='bbox 1018 2169 1209 2226; x_wconf 89' lang='lat' dir='ltr'>altera</span> <span class='ocrx_word' id='word_1_181' title='bbox 1273 2186 1462 2243; x_wconf 87' lang='lat' dir='ltr'>aequo</span> <span class='ocrx_word' id='word_1_182' title='bbox 1513 2162 1521 2246; x_wconf 88' lang='grc' dir='ltr'>Ι</span> <span class='ocrx_word' id='word_1_183' title='bbox 1570 2167 1826 2243; x_wconf 90' lang='lat' dir='ltr'>pondere</span> <span class='ocrx_word' id='word_1_184' title='bbox 1889 2168 2074 2244; x_wconf 90' lang='lat' dir='ltr'>phelli</span> <span class='ocrx_word' id='word_1_185' title='bbox 2136 2185 2371 2226; x_wconf 88' lang='lat' dir='ltr'>sacoma</span> <span class='ocrx_word' id='word_1_186' title='bbox 2392 2182 2488 2232; x_wconf 78' lang='grc'>(15)</span> 
     </span>
     <span class='ocr_line' id='line_1_24' title="bbox 297 2256 2370 2332; baseline -0 -17"><span class='ocrx_word' id='word_1_187' title='bbox 297 2296 299 2298; x_wconf 84' lang='lat'>·</span> <span class='ocrx_word' id='word_1_188' title='bbox 356 2257 674 2315; x_wconf 87' lang='lat' dir='ltr'>saburrale.</span> <span class='ocrx_word' id='word_1_189' title='bbox 759 2256 847 2314; x_wconf 89' lang='lat' dir='ltr'>ita</span> <span class='ocrx_word' id='word_1_190' title='bbox 895 2260 1184 2331; x_wconf 88' lang='lat' dir='ltr'>quantum</span> <span class='ocrx_word' id='word_1_191' title='bbox 1230 2256 1302 2314; x_wconf 87' lang='lat' dir='ltr'>ab</span> <span class='ocrx_word' id='word_1_192' title='bbox 1352 2275 1508 2332; x_wconf 83' lang='lat' dir='ltr'>aqua</span> <span class='ocrx_word' id='word_1_193' title='bbox 1552 2256 1782 2331; x_wconf 91' lang='lat' dir='ltr'>phellos</span> <span class='ocrx_word' id='word_1_194' title='bbox 1828 2256 2192 2331; x_wconf 86' lang='lat' dir='ltr'>sublevatur,</span> <span class='ocrx_word' id='word_1_195' title='bbox 2238 2258 2370 2314; x_wconf 88' lang='lat' dir='ltr'>tan-</span> 
     </span>
     <span class='ocr_line' id='line_1_25' title="bbox 355 2344 2372 2421; baseline 0 -18"><span class='ocrx_word' id='word_1_196' title='bbox 355 2349 483 2403; x_wconf 90' lang='lat' dir='ltr'>tum</span> <span class='ocrx_word' id='word_1_197' title='bbox 547 2344 824 2404; x_wconf 88' lang='lat' dir='ltr'>saburrae</span> <span class='ocrx_word' id='word_1_198' title='bbox 889 2345 1120 2421; x_wconf 89' lang='lat' dir='ltr'>pondus</span> <span class='ocrx_word' id='word_1_199' title='bbox 1175 2346 1331 2403; x_wconf 80' lang='lat' dir='ltr'>infra</span> <span class='ocrx_word' id='word_1_200' title='bbox 1387 2345 1676 2404; x_wconf 88' lang='lat' dir='ltr'>deducens</span> <span class='ocrx_word' id='word_1_201' title='bbox 1731 2347 1929 2403; x_wconf 86' lang='lat' dir='ltr'>versat</span> <span class='ocrx_word' id='word_1_202' title='bbox 1984 2364 2179 2421; x_wconf 83' lang='lat' dir='ltr'>axem,</span> <span class='ocrx_word' id='word_1_203' title='bbox 2246 2345 2372 2403; x_wconf 86' lang='lat' dir='ltr'>axis</span> 
     </span>
     <span class='ocr_line' id='line_1_26' title="bbox 355 2432 2456 2509; baseline 0.002 -17"><span class='ocrx_word' id='word_1_204' title='bbox 355 2437 559 2492; x_wconf 86' lang='lat' dir='ltr'>autem</span> <span class='ocrx_word' id='word_1_205' title='bbox 602 2437 972 2509; x_wconf 82' lang='lat' dir='ltr'>tympanum.</span> <span class='ocrx_word' id='word_1_206' title='bbox 1046 2434 1216 2492; x_wconf 91' lang='lat' dir='ltr'>cuius</span> <span class='ocrx_word' id='word_1_207' title='bbox 1261 2434 1535 2509; x_wconf 82' lang='lat' dir='ltr'>tympani</span> <span class='ocrx_word' id='word_1_208' title='bbox 1580 2432 1837 2492; x_wconf 83' lang='lat' dir='ltr'>versatio</span> <span class='ocrx_word' id='word_1_209' title='bbox 1877 2432 2025 2492; x_wconf 86' lang='lat' dir='ltr'>alias</span> <span class='ocrx_word' id='word_1_210' title='bbox 2064 2433 2246 2492; x_wconf 87' lang='lat' dir='ltr'>efficit</span> <span class='ocrx_word' id='word_1_211' title='bbox 2280 2434 2373 2491; x_wconf 86' lang='lat' dir='ltr'>uti</span> <span class='ocrx_word' id='word_1_212' title='bbox 2402 2458 2456 2496; x_wconf 84' lang='lat'>25</span> 
     </span>
     <span class='ocr_line' id='line_1_27' title="bbox 354 2521 2373 2599; baseline -0 -19"><span class='ocrx_word' id='word_1_213' title='bbox 354 2523 545 2582; x_wconf 88' lang='lat' dir='ltr'>maior</span> <span class='ocrx_word' id='word_1_214' title='bbox 598 2541 738 2598; x_wconf 84' lang='lat' dir='ltr'>pars</span> <span class='ocrx_word' id='word_1_215' title='bbox 792 2523 997 2582; x_wconf 88' lang='lat' dir='ltr'>circuli</span> <span class='ocrx_word' id='word_1_216' title='bbox 1052 2522 1319 2599; x_wconf 87' lang='lat' dir='ltr'>signiferi</span> <span class='ocrx_word' id='word_1_217' title='bbox 1382 2521 1532 2580; x_wconf 86' lang='lat' dir='ltr'>alias</span> <span class='ocrx_word' id='word_1_218' title='bbox 1587 2522 1781 2579; x_wconf 86' lang='lat' dir='ltr'>minor</span> <span class='ocrx_word' id='word_1_219' title='bbox 1830 2523 1895 2578; x_wconf 91' lang='lat' dir='ltr'>in</span> <span class='ocrx_word' id='word_1_220' title='bbox 1938 2521 2373 2580; x_wconf 85' lang='lat' dir='ltr'>versationibus</span> 
     </span>
     <span class='ocr_line' id='line_1_28' title="bbox 355 2605 2493 2689; baseline -0.003 -18"><span class='ocrx_word' id='word_1_221' title='bbox 355 2613 480 2671; x_wconf 89' lang='lat' dir='ltr'>suis</span> <span class='ocrx_word' id='word_1_222' title='bbox 543 2612 905 2687; x_wconf 90' lang='lat' dir='ltr'>temporibus</span> <span class='ocrx_word' id='word_1_223' title='bbox 963 2612 1232 2688; x_wconf 87' lang='lat' dir='ltr'>designet</span> <span class='ocrx_word' id='word_1_224' title='bbox 1284 2611 1564 2669; x_wconf 89' lang='lat' dir='ltr'>horarum</span> <span class='ocrx_word' id='word_1_225' title='bbox 1616 2610 2025 2685; x_wconf 79' lang='lat' dir='ltr'>proprietates,</span> <span class='ocrx_word' id='word_1_226' title='bbox 2067 2605 2075 2689; x_wconf 85' lang='grc' dir='ltr'>Ι</span> <span class='ocrx_word' id='word_1_227' title='bbox 2115 2629 2373 2684; x_wconf 88' lang='lat' dir='ltr'>namque</span> <span class='ocrx_word' id='word_1_228' title='bbox 2394 2623 2493 2675; x_wconf 82' lang='lat'>(20)</span> 
     </span>
    </p>
   </div>
   <div class='ocr_carea' id='block_1_3' title="bbox 353 2732 780 2741">
    <p class='ocr_par' dir='ltr' id='par_1_3' title="bbox 353 2732 780 2741">
     <span class='ocr_line' id='line_1_29' title="bbox 353 2732 780 2741; baseline 0 1186"><span class='ocrx_word' id='word_1_229' title='bbox 353 2732 780 2741; x_wconf 95' lang='lat' dir='ltr'> </span> 
     </span>
    </p>
   </div>
   <div class='ocr_carea' id='block_1_4' title="bbox 355 2786 2376 2932">
    <p class='ocr_par' dir='ltr' id='par_1_4' title="bbox 355 2786 2376 2932">
     <span class='ocr_line' id='line_1_30' title="bbox 498 2786 2373 2844; baseline -0.001 -1"><span class='ocrx_word' id='word_1_230' title='bbox 498 2797 528 2843; x_wconf 91' lang='grc'><strong>2</strong></span> <span class='ocrx_word' id='word_1_231' title='bbox 567 2791 654 2844; x_wconf 85' lang='lat' dir='ltr'>sin</span> <span class='ocrx_word' id='word_1_232' title='bbox 683 2793 873 2844; x_wconf 86' lang='lat' dir='ltr'>autem</span> <span class='ocrx_word' id='word_1_233' title='bbox 901 2806 1202 2843; x_wconf 89' lang='lat' dir='ltr'>cuneorum</span> <span class='ocrx_word' id='word_1_234' title='bbox 1229 2786 1641 2841; x_wconf 86' lang='lat' dir='ltr'>adiectionibus</span> <span class='ocrx_word' id='word_1_235' title='bbox 1673 2830 1683 2840; x_wconf 95' lang='lat'><strong><em>.</em></strong></span> <span class='ocrx_word' id='word_1_236' title='bbox 1717 2830 1728 2841; x_wconf 97' lang='lat'><strong><em>.</em></strong></span> <span class='ocrx_word' id='word_1_237' title='bbox 1762 2831 1773 2842; x_wconf 91' lang='lat'><strong><em>.</em></strong></span> <span class='ocrx_word' id='word_1_238' title='bbox 1804 2803 1872 2841; x_wconf 88' lang='lat' dir='ltr'>ex</span> <span class='ocrx_word' id='word_1_239' title='bbox 1900 2786 2089 2841; x_wconf 85' lang='lat' dir='ltr'>cuneis</span> <span class='ocrx_word' id='word_1_240' title='bbox 2122 2830 2132 2841; x_wconf 97' lang='lat'><strong><em>.</em></strong></span> <span class='ocrx_word' id='word_1_241' title='bbox 2166 2832 2175 2842; x_wconf 93' lang='lat'><strong><em>.</em></strong></span> <span class='ocrx_word' id='word_1_242' title='bbox 2209 2830 2221 2843; x_wconf 97' lang='lat'><strong><em>.</em></strong></span> <span class='ocrx_word' id='word_1_243' title='bbox 2248 2787 2373 2841; x_wconf 84' lang='lat' dir='ltr'>fieri</span> 
     </span>
     <span class='ocr_line' id='line_1_31' title="bbox 355 2858 2376 2932; baseline -0.001 -17"><span class='ocrx_word' id='word_1_244' title='bbox 355 2880 408 2916; x_wconf 71' lang='grc' dir='ltr'>ω.</span> <span class='ocrx_word' id='word_1_245' title='bbox 457 2866 475 2932; x_wconf 81' lang='grc' dir='ltr'>ΙΙ</span> <span class='ocrx_word' id='word_1_246' title='bbox 522 2868 552 2914; x_wconf 90' lang='grc'><strong>3</strong></span> <span class='ocrx_word' id='word_1_247' title='bbox 591 2859 955 2931; x_wconf 85' lang='lat' dir='ltr'>correptionis</span> <span class='ocrx_word' id='word_1_248' title='bbox 993 2867 1117 2915; x_wconf 80' lang='lat' dir='ltr'>ante</span> <span class='ocrx_word' id='word_1_249' title='bbox 1153 2877 1289 2915; x_wconf 78' lang='lat' dir='ltr'>corr.</span> <span class='ocrx_word' id='word_1_250' title='bbox 1322 2860 1389 2914; x_wconf 75' lang='lat' dir='ltr'>G.</span> <span class='ocrx_word' id='word_1_251' title='bbox 1437 2861 1455 2928; x_wconf 79' lang='grc' dir='ltr'>ΙΙ</span> <span class='ocrx_word' id='word_1_252' title='bbox 1498 2863 1529 2911; x_wconf 89' lang='grc'>8</span> <span class='ocrx_word' id='word_1_253' title='bbox 1567 2874 1703 2926; x_wconf 86' lang='lat' dir='ltr'>qua:</span> <span class='ocrx_word' id='word_1_254' title='bbox 1742 2858 1876 2927; x_wconf 85' lang='lat' dir='ltr'>quia</span> <span class='ocrx_word' id='word_1_255' title='bbox 1914 2865 2039 2913; x_wconf 83' lang='lat' dir='ltr'>ante</span> <span class='ocrx_word' id='word_1_256' title='bbox 2074 2875 2216 2914; x_wconf 83' lang='lat' dir='ltr'>corr.</span> <span class='ocrx_word' id='word_1_257' title='bbox 2250 2859 2317 2913; x_wconf 76' lang='lat' dir='ltr'>G.</span> <span class='ocrx_word' id='word_1_258' title='bbox 2354 2858 2376 2930; x_wconf 81' lang='grc' dir='ltr'>ΙΙ</span> 
     </span>
    </p>
   </div>
   <div class='ocr_carea' id='block_1_5' title="bbox 355 2930 2379 3575">
    <p class='ocr_par' dir='ltr' id='par_1_5' title="bbox 355 2930 2379 3575">
     <span class='ocr_line' id='line_1_32' title="bbox 357 2930 2373 3009; baseline -0.001 -16"><span class='ocrx_word' id='word_1_259' title='bbox 357 2947 387 2993; x_wconf 89' lang='grc'><strong>9</strong></span> <span class='ocrx_word' id='word_1_260' title='bbox 427 2941 781 2995; x_wconf 86' lang='lat' dir='ltr'>continentur</span> <span class='ocrx_word' id='word_1_261' title='bbox 814 2930 913 3009; x_wconf 80' lang='lat' dir='ltr'>(-t⁷</span> <span class='ocrx_word' id='word_1_262' title='bbox 935 2941 1024 3009; x_wconf 89' lang='lat' dir='ltr'>H)</span> <span class='ocrx_word' id='word_1_263' title='bbox 1055 2938 1173 2993; x_wconf 82' lang='lat' dir='ltr'>HS</span> <span class='ocrx_word' id='word_1_264' title='bbox 1199 2940 1329 3007; x_wconf 85' lang='lat' dir='ltr'>(-ter</span> <span class='ocrx_word' id='word_1_265' title='bbox 1360 2938 1447 3007; x_wconf 73' lang='lat' dir='ltr'>G).</span> <span class='ocrx_word' id='word_1_266' title='bbox 1476 2940 1496 3006; x_wconf 92' lang='grc' dir='ltr'>ΙΙ</span> <span class='ocrx_word' id='word_1_267' title='bbox 1527 2942 1593 2991; x_wconf 92' lang='grc'>10</span> <span class='ocrx_word' id='word_1_268' title='bbox 1630 2937 1743 2991; x_wconf 85' lang='lat' dir='ltr'>suis</span> <span class='ocrx_word' id='word_1_269' title='bbox 1783 2937 2049 3005; x_wconf 87' lang='lat' dir='ltr'>cuiusque</span> <span class='ocrx_word' id='word_1_270' title='bbox 2086 2937 2373 2991; x_wconf 86' lang='lat' dir='ltr'>mensibus</span> 
     </span>
     <span class='ocr_line' id='line_1_33' title="bbox 356 3008 2375 3082; baseline -0.002 -16"><span class='ocrx_word' id='word_1_271' title='bbox 356 3013 459 3081; x_wconf 72' lang='lat' dir='ltr'>(-b›</span> <span class='ocrx_word' id='word_1_272' title='bbox 491 3012 637 3082; x_wconf 83' lang='lat' dir='ltr'>HG)</span> <span class='ocrx_word' id='word_1_273' title='bbox 673 3029 728 3066; x_wconf 76' lang='grc' dir='ltr'>ω.</span> <span class='ocrx_word' id='word_1_274' title='bbox 790 3011 798 3081; x_wconf 88' lang='grc' dir='ltr'>Ι</span> <span class='ocrx_word' id='word_1_275' title='bbox 855 3010 1055 3065; x_wconf 80' lang='lat' dir='ltr'>facer&amp;</span> <span class='ocrx_word' id='word_1_276' title='bbox 1092 3012 1195 3079; x_wconf 90' lang='lat' dir='ltr'>(-et</span> <span class='ocrx_word' id='word_1_277' title='bbox 1226 3010 1296 3072; x_wconf 78' lang='lat' dir='ltr'>G)</span> <span class='ocrx_word' id='word_1_278' title='bbox 1334 3026 1388 3063; x_wconf 81' lang='lat' dir='ltr'>x.</span> <span class='ocrx_word' id='word_1_279' title='bbox 1445 3011 1463 3077; x_wconf 89' lang='grc' dir='ltr'>ΙΙ</span> <span class='ocrx_word' id='word_1_280' title='bbox 1520 3014 1583 3062; x_wconf 97' lang='grc'>11</span> <span class='ocrx_word' id='word_1_281' title='bbox 1624 3008 1926 3078; x_wconf 85' lang='lat' dir='ltr'>anaporica</span> <span class='ocrx_word' id='word_1_282' title='bbox 1961 3028 2015 3063; x_wconf 71' lang='grc' dir='ltr'>ω.</span> <span class='ocrx_word' id='word_1_283' title='bbox 2071 3011 2089 3079; x_wconf 86' lang='grc' dir='ltr'>ΙΙ</span> <span class='ocrx_word' id='word_1_284' title='bbox 2147 3014 2209 3062; x_wconf 90' lang='grc'>12</span> <span class='ocrx_word' id='word_1_285' title='bbox 2248 3025 2375 3078; x_wconf 87' lang='lat' dir='ltr'>per-</span> 
     </span>
     <span class='ocr_line' id='line_1_34' title="bbox 355 3078 2373 3151; baseline -0 -15"><span class='ocrx_word' id='word_1_286' title='bbox 355 3082 660 3151; x_wconf 86' lang='lat' dir='ltr'>ficiuntque</span> <span class='ocrx_word' id='word_1_287' title='bbox 686 3100 741 3137; x_wconf 73' lang='grc' dir='ltr'>ω.</span> <span class='ocrx_word' id='word_1_288' title='bbox 769 3084 788 3151; x_wconf 81' lang='lat' dir='ltr'>u</span> <span class='ocrx_word' id='word_1_289' title='bbox 818 3087 883 3134; x_wconf 84' lang='lat'>13</span> <span class='ocrx_word' id='word_1_290' title='bbox 922 3080 1077 3135; x_wconf 83' lang='lat' dir='ltr'>aenis</span> <span class='ocrx_word' id='word_1_291' title='bbox 1109 3082 1174 3136; x_wconf 76' lang='lat' dir='ltr'>G.</span> <span class='ocrx_word' id='word_1_292' title='bbox 1205 3084 1223 3149; x_wconf 87' lang='grc' dir='ltr'>ΙΙ</span> <span class='ocrx_word' id='word_1_293' title='bbox 1253 3086 1317 3134; x_wconf 82' lang='grc'>17</span> <span class='ocrx_word' id='word_1_294' title='bbox 1358 3096 1427 3133; x_wconf 83' lang='lat' dir='ltr'>ex</span> <span class='ocrx_word' id='word_1_295' title='bbox 1464 3078 1759 3133; x_wconf 88' lang='lat' dir='ltr'>duodecim</span> <span class='ocrx_word' id='word_1_296' title='bbox 1787 3079 1838 3135; x_wconf 77' lang='lat' dir='ltr'>S.</span> <span class='ocrx_word' id='word_1_297' title='bbox 1874 3082 1881 3151; x_wconf 91' lang='grc' dir='ltr'>Ι</span> <span class='ocrx_word' id='word_1_298' title='bbox 1914 3080 1979 3133; x_wconf 86' lang='lat' dir='ltr'>fit</span> <span class='ocrx_word' id='word_1_299' title='bbox 2006 3080 2156 3149; x_wconf 84' lang='lat' dir='ltr'>(HS,</span> <span class='ocrx_word' id='word_1_300' title='bbox 2193 3078 2268 3133; x_wconf 88' lang='lat' dir='ltr'>sit</span> <span class='ocrx_word' id='word_1_301' title='bbox 2300 3079 2373 3149; x_wconf 78' lang='lat' dir='ltr'>G)</span> 
     </span>
     <span class='ocr_line' id='line_1_35' title="bbox 355 3149 2375 3223; baseline -0.001 -17"><span class='ocrx_word' id='word_1_302' title='bbox 355 3154 599 3223; x_wconf 85' lang='lat' dir='ltr'>figurata</span> <span class='ocrx_word' id='word_1_303' title='bbox 620 3197 631 3209; x_wconf 93' lang='lat'><strong><em>.</em></strong></span> <span class='ocrx_word' id='word_1_304' title='bbox 653 3151 810 3207; x_wconf 87' lang='lat' dir='ltr'>cuius</span> <span class='ocrx_word' id='word_1_305' title='bbox 849 3152 894 3205; x_wconf 74' lang='lat' dir='ltr'>Sc</span> <span class='ocrx_word' id='word_1_306' title='bbox 923 3154 1002 3221; x_wconf 92' lang='lat' dir='ltr'>(et</span> <span class='ocrx_word' id='word_1_307' title='bbox 1033 3152 1105 3219; x_wconf 78' lang='lat' dir='ltr'>G)</span> <span class='ocrx_word' id='word_1_308' title='bbox 1141 3152 1332 3205; x_wconf 88' lang='lat' dir='ltr'>centro</span> <span class='ocrx_word' id='word_1_309' title='bbox 1371 3149 1704 3204; x_wconf 86' lang='lat' dir='ltr'>deformatio</span> <span class='ocrx_word' id='word_1_310' title='bbox 1742 3169 1793 3203; x_wconf 70' lang='grc' dir='ltr'>ω.</span> <span class='ocrx_word' id='word_1_311' title='bbox 1834 3152 1851 3221; x_wconf 79' lang='grc' dir='ltr'>ΙΙ</span> <span class='ocrx_word' id='word_1_312' title='bbox 1890 3156 1956 3204; x_wconf 85' lang='grc'>19</span> <span class='ocrx_word' id='word_1_313' title='bbox 1993 3149 2205 3220; x_wconf 80' lang='lat' dir='ltr'>posteri</span> <span class='ocrx_word' id='word_1_314' title='bbox 2243 3152 2375 3204; x_wconf 71' lang='lat' dir='ltr'>aute</span> 
     </span>
     <span class='ocr_line' id='line_1_36' title="bbox 359 3220 2371 3345; baseline -0.002 -67"><span class='ocrx_word' id='word_1_315' title='bbox 359 3228 504 3293; x_wconf 80' lang='lat' dir='ltr'>(ante</span> <span class='ocrx_word' id='word_1_316' title='bbox 531 3226 690 3292; x_wconf 82' lang='lat' dir='ltr'>corr.)</span> <span class='ocrx_word' id='word_1_317' title='bbox 723 3224 788 3278; x_wconf 79' lang='lat' dir='ltr'>G.</span> <span class='ocrx_word' id='word_1_318' title='bbox 813 3226 836 3345; x_wconf 48' lang='grc'>1</span> <span class='ocrx_word' id='word_1_319' title='bbox 863 3221 1014 3291; x_wconf 87' lang='lat' dir='ltr'>parti</span> <span class='ocrx_word' id='word_1_320' title='bbox 1042 3222 1110 3274; x_wconf 91' lang='lat' dir='ltr'><strong><em>H</em></strong></span> <span class='ocrx_word' id='word_1_321' title='bbox 1115 3222 1176 3277; x_wconf 81' lang='lat' dir='ltr'>S:</span> <span class='ocrx_word' id='word_1_322' title='bbox 1214 3223 1377 3291; x_wconf 86' lang='lat' dir='ltr'>parte</span> <span class='ocrx_word' id='word_1_323' title='bbox 1408 3222 1474 3276; x_wconf 76' lang='lat' dir='ltr'>G.</span> <span class='ocrx_word' id='word_1_324' title='bbox 1504 3223 1523 3290; x_wconf 85' lang='grc' dir='ltr'>ΙΙ</span> <span class='ocrx_word' id='word_1_325' title='bbox 1551 3227 1618 3275; x_wconf 92' lang='grc'>20</span> <span class='ocrx_word' id='word_1_326' title='bbox 1654 3220 1823 3289; x_wconf 88' lang='lat' dir='ltr'>inque</span> <span class='ocrx_word' id='word_1_327' title='bbox 1857 3222 1981 3277; x_wconf 67' lang='grc' dir='ltr'>(ι’-δε</span> <span class='ocrx_word' id='word_1_328' title='bbox 2019 3222 2225 3291; x_wconf 84' lang='lat' dir='ltr'>inquae</span> <span class='ocrx_word' id='word_1_329' title='bbox 2254 3221 2333 3275; x_wconf 90' lang='lat' dir='ltr'>H.</span> <span class='ocrx_word' id='word_1_330' title='bbox 2363 3222 2371 3293; x_wconf 77' lang='grc' dir='ltr'>Ι</span> 
     </span>
     <span class='ocr_line' id='line_1_37' title="bbox 359 3290 2379 3365; baseline 0 -18"><span class='ocrx_word' id='word_1_331' title='bbox 359 3294 451 3347; x_wconf 80' lang='lat' dir='ltr'>axi</span> <span class='ocrx_word' id='word_1_332' title='bbox 477 3312 531 3348; x_wconf 73' lang='grc' dir='ltr'>ω.</span> <span class='ocrx_word' id='word_1_333' title='bbox 560 3297 579 3364; x_wconf 81' lang='grc' dir='ltr'>ΙΙ</span> <span class='ocrx_word' id='word_1_334' title='bbox 607 3300 672 3347; x_wconf 93' lang='grc'>21</span> <span class='ocrx_word' id='word_1_335' title='bbox 702 3293 811 3363; x_wconf 91' lang='lat' dir='ltr'>phe</span> <span class='ocrx_word' id='word_1_336' title='bbox 837 3292 920 3345; x_wconf 90' lang='lat' dir='ltr'>los</span> <span class='ocrx_word' id='word_1_337' title='bbox 950 3290 1062 3345; x_wconf 88' lang='lat' dir='ltr'>sive</span> <span class='ocrx_word' id='word_1_338' title='bbox 1090 3295 1421 3361; x_wconf 82' lang='lat' dir='ltr'>tympanum</span> <span class='ocrx_word' id='word_1_339' title='bbox 1442 3335 1454 3346; x_wconf 92' lang='lat'><strong><em>.</em></strong></span> <span class='ocrx_word' id='word_1_340' title='bbox 1476 3292 1573 3361; x_wconf 90' lang='lat' dir='ltr'>qui</span> <span class='ocrx_word' id='word_1_341' title='bbox 1600 3308 1654 3346; x_wconf 80' lang='lat' dir='ltr'>x.</span> <span class='ocrx_word' id='word_1_342' title='bbox 1689 3292 1696 3364; x_wconf 78' lang='grc' dir='ltr'>Ι</span> <span class='ocrx_word' id='word_1_343' title='bbox 1731 3292 1895 3360; x_wconf 85' lang='lat' dir='ltr'>abaq,</span> <span class='ocrx_word' id='word_1_344' title='bbox 1924 3294 2071 3361; x_wconf 75' lang='lat' dir='ltr'>(ante</span> <span class='ocrx_word' id='word_1_345' title='bbox 2088 3296 2246 3362; x_wconf 82' lang='lat' dir='ltr'>corr.)</span> <span class='ocrx_word' id='word_1_346' title='bbox 2268 3292 2336 3347; x_wconf 75' lang='lat' dir='ltr'>G.</span> <span class='ocrx_word' id='word_1_347' title='bbox 2356 3292 2379 3365; x_wconf 82' lang='grc' dir='ltr'>ΙΙ</span> 
     </span>
     <span class='ocr_line' id='line_1_38' title="bbox 359 3362 2375 3433; baseline 0 -18"><span class='ocrx_word' id='word_1_348' title='bbox 359 3370 425 3415; x_wconf 92' lang='grc'>22</span> <span class='ocrx_word' id='word_1_349' title='bbox 466 3364 642 3418; x_wconf 89' lang='lat' dir='ltr'>altero</span> <span class='ocrx_word' id='word_1_350' title='bbox 679 3382 732 3419; x_wconf 76' lang='lat' dir='ltr'>x.</span> <span class='ocrx_word' id='word_1_351' title='bbox 781 3368 788 3431; x_wconf 78' lang='grc' dir='ltr'>Ι</span> <span class='ocrx_word' id='word_1_352' title='bbox 833 3362 1036 3433; x_wconf 88' lang='lat' dir='ltr'>phellis</span> <span class='ocrx_word' id='word_1_353' title='bbox 1069 3364 1135 3418; x_wconf 76' lang='lat' dir='ltr'>G.</span> <span class='ocrx_word' id='word_1_354' title='bbox 1182 3365 1201 3431; x_wconf 86' lang='grc' dir='ltr'>ΙΙ</span> <span class='ocrx_word' id='word_1_355' title='bbox 1247 3369 1313 3415; x_wconf 90' lang='grc'>23</span> <span class='ocrx_word' id='word_1_356' title='bbox 1355 3362 1632 3416; x_wconf 70' lang='lat' dir='ltr'>nabun-ali</span> <span class='ocrx_word' id='word_1_357' title='bbox 1666 3383 1706 3416; x_wconf 72' lang='lat' dir='ltr'>a·</span> <span class='ocrx_word' id='word_1_358' title='bbox 1743 3366 1886 3432; x_wconf 75' lang='lat' dir='ltr'>(cum</span> <span class='ocrx_word' id='word_1_359' title='bbox 1920 3364 2003 3430; x_wconf 89' lang='lat' dir='ltr'>L,</span> <span class='ocrx_word' id='word_1_360' title='bbox 2039 3366 2133 3418; x_wconf 82' lang='lat' dir='ltr'>sed</span> <span class='ocrx_word' id='word_1_361' title='bbox 2167 3362 2375 3432; x_wconf 88' lang='lat' dir='ltr'>phellis</span> 
     </span>
     <span class='ocr_line' id='line_1_39' title="bbox 361 3432 2375 3504; baseline 0.003 -21"><span class='ocrx_word' id='word_1_362' title='bbox 361 3448 620 3486; x_wconf 86' lang='lat' dir='ltr'>acomasa</span> <span class='ocrx_word' id='word_1_363' title='bbox 650 3433 895 3488; x_wconf 87' lang='lat' dir='ltr'>brumali</span> <span class='ocrx_word' id='word_1_364' title='bbox 923 3434 1116 3502; x_wconf 83' lang='lat' dir='ltr'>Plcv).</span> <span class='ocrx_word' id='word_1_365' title='bbox 1147 3436 1165 3502; x_wconf 85' lang='grc'>11</span> <span class='ocrx_word' id='word_1_366' title='bbox 1193 3438 1260 3485; x_wconf 87' lang='grc'>26</span> <span class='ocrx_word' id='word_1_367' title='bbox 1290 3432 1439 3502; x_wconf 85' lang='lat' dir='ltr'>signi</span> <span class='ocrx_word' id='word_1_368' title='bbox 1465 3432 1586 3487; x_wconf 90' lang='lat' dir='ltr'>fieri</span> <span class='ocrx_word' id='word_1_369' title='bbox 1617 3434 1689 3489; x_wconf 88' lang='lat' dir='ltr'>H.</span> <span class='ocrx_word' id='word_1_370' title='bbox 1723 3437 1731 3504; x_wconf 88' lang='grc'>1</span> <span class='ocrx_word' id='word_1_371' title='bbox 1763 3434 1947 3489; x_wconf 83' lang='lat' dir='ltr'>minus</span> <span class='ocrx_word' id='word_1_372' title='bbox 1974 3451 2029 3489; x_wconf 76' lang='lat' dir='ltr'>x.</span> <span class='ocrx_word' id='word_1_373' title='bbox 2059 3437 2077 3504; x_wconf 87' lang='grc' dir='ltr'>ΙΙ</span> <span class='ocrx_word' id='word_1_374' title='bbox 2104 3440 2171 3487; x_wconf 83' lang='grc'>27</span> <span class='ocrx_word' id='word_1_375' title='bbox 2201 3433 2375 3489; x_wconf 88' lang='lat' dir='ltr'>hono-</span> 
     </span>
     <span class='ocr_line' id='line_1_40' title="bbox 360 3503 2303 3575; baseline 0.007 -27"><span class='ocrx_word' id='word_1_376' title='bbox 360 3506 490 3551; x_wconf 56' lang='lat' dir='ltr'>rarii</span> <span class='ocrx_word' id='word_1_377' title='bbox 517 3504 584 3553; x_wconf 89' lang='lat' dir='ltr'><strong><em>H</em></strong></span> <span class='ocrx_word' id='word_1_378' title='bbox 615 3506 730 3571; x_wconf 81' lang='lat' dir='ltr'>(ubi</span> <span class='ocrx_word' id='word_1_379' title='bbox 765 3503 1100 3569; x_wconf 79' lang='lat' dir='ltr'>honorarum</span> <span class='ocrx_word' id='word_1_380' title='bbox 1135 3505 1300 3558; x_wconf 80' lang='lat' dir='ltr'>etiam</span> <span class='ocrx_word' id='word_1_381' title='bbox 1329 3504 1454 3558; x_wconf 72' lang='lat' dir='ltr'>P⁰Z⁰</span> <span class='ocrx_word' id='word_1_382' title='bbox 1488 3511 1539 3559; x_wconf 83' lang='lat' dir='ltr'>et</span> <span class='ocrx_word' id='word_1_383' title='bbox 1573 3507 1689 3559; x_wconf 78' lang='lat' dir='ltr'>sine</span> <span class='ocrx_word' id='word_1_384' title='bbox 1725 3523 1860 3561; x_wconf 77' lang='lat' dir='ltr'>corr.</span> <span class='ocrx_word' id='word_1_385' title='bbox 1895 3523 2001 3575; x_wconf 85' lang='lat' dir='ltr'>cm,</span> <span class='ocrx_word' id='word_1_386' title='bbox 2038 3522 2151 3561; x_wconf 71' lang='lat' dir='ltr'>‘non</span> <span class='ocrx_word' id='word_1_387' title='bbox 2186 3507 2303 3574; x_wconf 76' lang='lat' dir='ltr'>hv).</span> 
     </span>
    </p>
   </div>
  </div>
 </body>
</html>
