2664 3927
742 195 839 249 DE
875 194 1438 250 ARCHITECTURA
1472 195 1607 250 LIB.
1646 194 1791 263 VHI,
1832 201 1859 247 1
1983 245 1988 250 .
2189 195 2316 259 185

228 360 276 410 5)
297 346 727 405 harundinibus
755 348 861 405 aut
886 346 1113 420 fronde,
1144 337 1152 427 Ι
1186 364 1365 421 supra
1391 350 1554 404 terra
1582 346 1883 420 obruatur,
1919 347 2051 403 tum
2077 350 2317 422 postero

298 436 394 493 die
450 436 773 511 aperiamr,
829 438 889 493 et
943 435 995 493 si
1047 435 1110 492 in
1163 454 1303 494 vase
1361 436 1556 493 stillae
1606 435 1965 510 sudoresque
2011 439 2210 510 erunt,
2264 435 2317 494 is

297 524 464 584 locus
517 524 760 583 habebit
814 542 1049 599 aquam.
1139 524 1285 582 item
1339 524 1391 582 si
1433 543 1540 583 vas
1587 543 1657 582 ex
1702 527 1866 582 creta
1917 524 2146 582 factum
2199 543 2317 584 non
2355 539 2392 587 5

300 617 537 672 coctum
597 613 661 671 in
726 631 795 672 ea
858 612 1115 671 fossione
1172 612 1378 671 eadem
1433 612 1665 671 ratione
1721 615 1993 688 opertum
2054 612 2318 688 positum

242 694 509 785 5⁸·fuerit,
562 702 614 761 si
668 702 719 759 is
774 701 935 761 locus
990 720 1210 776 aquam
1262 700 1564 776 habuerit,
1619 721 1755 759 cum
1799 704 2072 777 apertum
2117 702 2322 776 fuerit,

183 804 279 857 (ιο)
300 810 406 851 vas
443 790 709 848 umidum
746 790 860 848 erit
896 792 957 848 et
1001 790 1124 848 iam
1160 790 1516 849 dissolvetur
1555 784 1564 867 ἦ
1605 790 1680 848 ab
1718 809 1936 849 umore.
2009 791 2321 865 vellusque

299 881 475 938 lanae
524 880 573 937 si
620 879 992 938 conlocatum
1038 880 1151 936 erit
1194 878 1259 935 in
1306 897 1377 936 ea
1420 880 1679 952 fossura,
1733 879 2069 955 insequenti
2121 883 2322 938 autem

302 967 397 1026 die
436 968 507 1025 de
547 986 615 1025 eo
654 986 812 1042 aqua
850 985 1123 1042 expressa
1160 968 1290 1042 erit,
1328 967 1686 1044 significabit
1715 986 1850 1025 eum
1879 968 2078 1027 locum
2104 968 2322 1026 habere

304 1057 552 1131 copiam.
643 1076 761 1115 non
814 1056 1012 1113 minus
1068 1055 1119 1114 si
1172 1055 1414 1114 lucerna
1461 1057 1813 1115 concinnata
1860 1057 2090 1133 oleique
2144 1057 2324 1133 plena

219 1167 276 1206 10
306 1148 367 1203 et
424 1163 670 1205 accensa
723 1145 786 1202 in
842 1163 910 1204 eo
966 1145 1095 1203 loco
1143 1146 1354 1219 operta
1398 1145 1584 1203 fuerit
1628 1145 1934 1204 conlocata
1981 1149 2042 1204 et
2084 1149 2323 1221 postero

191 1245 285 1297 (15)
306 1233 401 1291 die
456 1252 575 1292 non
631 1233 747 1292 erit
801 1236 1034 1307 exusta,
1088 1232 1191 1292 sed
1243 1232 1520 1292 habuerit
1572 1234 1857 1309 reliquias
1912 1235 2028 1293 olei
2069 1230 2076 1312 Ι
2121 1238 2181 1294 et
2225 1255 2323 1293 en-

304 1322 531 1397 lychnii
592 1323 839 1398 ipsaque
902 1322 1105 1379 umida
1168 1323 1527 1397 invenietur,
1591 1322 1879 1381 indicabit
1934 1342 2068 1380 eum
2130 1324 2326 1383 locum

305 1412 522 1471 habere
569 1430 805 1487 aquam,
849 1411 985 1469 ideo
1032 1411 1193 1486 quod
1229 1411 1420 1469 omnis
1455 1414 1627 1486 tepor
1663 1410 1739 1468 ad
1777 1429 1838 1470 se
1875 1411 2038 1470 ducit
2070 1430 2327 1471 umores.

305 1501 452 1559 item
496 1502 561 1558 in
607 1519 675 1559 eo
720 1501 851 1559 loco
898 1501 1055 1579 ignis
1099 1501 1292 1558 factus
1332 1500 1383 1557 si
1418 1500 1600 1557 fuerit
1637 1502 1698 1557 et
1732 1500 2130 1575 percalefacta
2165 1504 2327 1559 terra

224 1610 278 1650 15
309 1592 369 1647 et
414 1590 631 1648 adusta
674 1608 957 1665 vaporem
1003 1589 1354 1647 nebulosum
1401 1608 1470 1646 ex
1515 1606 1576 1647 se
1624 1588 2015 1663 suscitaverit,
2062 1589 2114 1647 is
2160 1589 2325 1648 locus

306 1678 551 1737 habebit
590 1697 825 1754 aquam.
899 1698 1031 1737 eum
1075 1679 1221 1736 haec
1265 1678 1355 1735 ita
1401 1679 1573 1736 erunt
1617 1680 2018 1753 pertemptata
2067 1681 2125 1737 et
2171 1698 2326 1754 quae

200 1777 289 1830 (2⁰)
310 1786 488 1841 supra
529 1760 537 1848 Ι
579 1768 801 1842 scripta
856 1770 995 1825 sunt
1038 1768 1209 1843 signa
1264 1766 1534 1839 inventa,
1585 1769 1717 1824 tum
1770 1766 2181 1842 deprimendus
2238 1770 2328 1826 est

309 1858 525 1929 puteus
571 1856 636 1913 in
673 1874 740 1913 eo
776 1856 907 1913 loco
948 1858 1007 1914 et
1053 1855 1104 1913 si
1149 1856 1263 1913 erit
1308 1858 1490 1929 caput
1531 1874 1722 1929 aquae
1759 1855 2082 1931 inventum,
2127 1857 2326 1932 plures

312 1944 467 2002 circa
513 1946 651 2002 sunt
695 1944 961 2004 fodiendi
1016 1946 1075 2003 et
1123 1963 1230 2020 per
1274 1962 1485 2020 specus
1540 1943 1604 2003 in
1648 1965 1833 2003 unum
1887 1944 2082 2003 locum
2129 1965 2329 2005 omnes

231 2054 284 2092 20
312 2032 691 2092 conducendi.

442 2121 609 2180 Haec
644 2124 844 2180 autem
878 2123 1131 2180 maxime
1168 2122 1232 2180 in
1276 2121 1579 2181 montibus
1627 2125 1688 2180 et
1721 2122 2060 2199 regionibus
2098 2125 2329 2197 septen-

311 2211 665 2269 trionalibus
711 2214 852 2270 sunt
900 2211 1253 2286 quaerenda,
1300 2230 1368 2270 eo
1418 2210 1575 2285 quod
1619 2212 1682 2269 in
1727 2211 1818 2270 his
1857 2214 1918 2270 et
1953 2211 2232 2270 suaviora
2271 2214 2330 2269 et

204 2291 323 2381 (25)Ι
370 2299 704 2358 salubriora
758 2303 819 2358 et
872 2300 1201 2375 copiosiora
1253 2299 1656 2358 inveniuntur.
1747 2301 1939 2359 aversi
1987 2301 2143 2358 enim
2189 2303 2331 2358 sunt

312 2388 453 2448 soli's
500 2388 713 2462 cursui,
761 2391 821 2446 et
867 2389 930 2446 in
973 2389 1065 2447 his
1116 2389 1261 2448 locis
1316 2389 1577 2464 primum
1621 2388 1859 2447 crebrae
1905 2391 2047 2448 sunt
2093 2387 2328 2447 arbores

234 2495 287 2538 25
312 2479 374 2536 et
418 2477 672 2537 silvosae
716 2477 949 2552 ipsique
993 2480 1223 2536 montes
1278 2496 1416 2536 suas
1460 2477 1684 2535 habent
1731 2478 1970 2536 umbras
2027 2477 2328 2536 obstantes

313 2569 373 2624 et
409 2566 565 2624 radii
600 2565 740 2626 solis
777 2584 897 2625 non
934 2565 1144 2625 directi
1176 2566 1534 2641 perveniunt
1570 2565 1645 2623 ad
1681 2568 1904 2625 terram
1939 2585 2046 2625 nee
2081 2569 2332 2642 possunt

180 2663 291 2719 188
310 2674 541 2715 umores
584 2649 591 2733 Ι
634 2673 891 2713 exurere.
962 2655 1401 2730 intervallaque
1428 2655 1720 2713 montium
1755 2655 2008 2714 maxime
2035 2655 2332 2731 recipiunt

312 2744 528 2802 imbres
585 2748 646 2803 et
699 2747 944 2820 propter
988 2744 1272 2802 silvarum
1326 2743 1705 2801 crebritatem
1759 2744 1926 2802 nives
1975 2744 2050 2802 ab
2104 2743 2329 2802 umbris

314 2832 590 2891 arborum
662 2835 723 2891 et
794 2831 1086 2893 montium
1156 2832 1242 2890 ibi
1314 2831 1537 2890 diutius
1602 2834 2047 2909 conservantur,
2119 2833 2331 2891 deinde

238 2941 287 2980 30
312 2921 581 2995 liquatae
634 2941 743 2996 per
793 2925 989 2980 terrae
1042 2939 1223 2981 venas
1277 2920 1663 2996 percolantur
1716 2924 1776 2980 et
1829 2923 1918 2980 ita
1974 2921 2332 2998 perveniunt

457 3098 485 3145 1
526 3093 777 3164 sup[e]ra
816 3092 967 3145 terra
1003 3090 1079 3146 S0.
1134 3093 1153 3160 11
1207 3096 1240 3143 2
1276 3106 1414 3143 vaso
1450 3106 1508 3144 x.
1559 3091 1567 3158 Ι
1618 3090 1845 3144 sudores
1885 3091 2012 3147 GS:
2060 3089 2161 3144 -ris
2198 3091 2276 3145 H.
2311 3091 2334 3162 Η

316 3167 347 3214 3
382 3179 484 3216 vas
522 3163 585 3218 S:
631 3178 830 3218 vasum
867 3162 1007 3216 HG.
1062 3164 1083 3230 ΙΙ
1137 3166 1168 3215 5
1216 3178 1343 3214 cum
1391 3163 1647 3230 apertum
1690 3161 1862 3215 fuerit
1905 3179 2005 3218 om.
2045 3162 2088 3216 S
2129 3163 2333 3231 (itaque

315 3234 413 3288 aaz.
449 3233 561 3302 Ge).
611 3235 630 3303 ss
682 3239 713 3286 e
752 3232 861 3288 erit
896 3232 943 3286 a
976 3232 1034 3286 ia
1063 3231 1108 3288 s
1140 3235 1224 3302 (ut
1251 3233 1352 3301 L):
1391 3232 1499 3285 erit
1535 3231 1697 3286 &iam
1734 3232 1873 3302 (etis
1902 3233 1976 3302 a)
2005 3232 2146 3286 HG.
2199 3234 2206 3301 ι
2257 3231 2332 3284 ab

316 3355 414 3415 o—m.
445 3339 498 3394 S.
545 3341 563 3409 u
611 3345 640 3391 ’7
680 3341 870 3394 autem
906 3357 1006 3394 om.
1036 3337 1090 3394 S.
1137 3341 1157 3408 ΙΙ
1201 3343 1234 3391 8
1273 3355 1340 3396 eo
1375 3315 1560 3394 locem
1589 3340 1685 3393 ΗΟ.
1740 3341 1760 3408 ΙΙ
1816 3343 1878 3391 11
1918 3335 2171 3406 inlychni
2202 3337 2332 3406 HS,

314 3409 560 3478 {lychni
590 3411 678 3466 G0.
720 3413 740 3480 ΙΙ
782 3415 849 3464 13
888 3409 1045 3464 ducit
1076 3409 1227 3466 HG:
1264 3409 1444 3464 trahit
1469 3410 1514 3466 S
1545 3410 1748 3479 (Fau).
1791 3411 1811 3478 ΙΙ
1851 3414 1920 3461 14
1954 3406 2334 3478 percalefacta

317 3479 505 3550 S(G⁰):
550 3481 897 3549 percalfacta
933 3483 1033 3551 (sic
1076 3483 1174 3537 hoc
1208 3498 1322 3537 uno
1370 3483 1503 3551 loco)
1541 3481 1682 3535 HG.
1737 3482 1756 3550 ΙΙ
1813 3484 1878 3533 19
1916 3498 1954 3551 p
1992 3494 2228 3549 specuus
2267 3479 2330 3534 S:

314 3550 639 3620 perspicuus
668 3552 737 3605 Η
738 3593 757 3620 ,
790 3551 1069 3623 ppsicuus
1106 3554 1224 3624 (sic)
1258 3554 1323 3610 G.
