2664 3927
335 159 516 213 XXIV

342 299 537 353 mundi
564 316 736 369 -÷-1111‚
787 299 1012 353 alumen
1057 299 1385 370 aegyptium
1411 312 1541 367 ·÷-11‚
1574 300 1749 380 guatu
1776 314 1907 366 -·.-11‚
1948 298 2133 368 ipsum
2174 302 2364 353 autem

343 372 577 440 gnatum
635 370 893 425 semotim
946 371 1074 440 pisa
1126 370 1434 437 munditer,
1490 369 1637 423 larm
1681 385 1815 423 vero
1862 372 1920 423 et
1963 369 2252 424 vitriolum
2308 373 2366 425 et

341 442 565 496 alumen
602 442 662 495 in
697 458 883 495 unum.
960 444 1018 495 et
1053 441 1218 495 tolles
1266 456 1535 511 saponem
1581 458 1650 494 ex
1685 439 1809 495 oleo
1847 440 1967 495 sine
2003 441 2157 495 calce
2200 442 2364 494 dimi-

337 511 492 566 diam
537 512 788 582 unciam,
835 516 895 567 et
939 512 1263 567 commisces
1309 512 1370 565 in
1415 512 1541 581 ipsa
1584 514 1699 566 tres
1741 512 1972 582 species.
2042 514 2172 581 post
2211 514 2363 581 quod

333 582 488 653 pisas
502 626 515 653 ,
561 584 887 639 commisces
935 583 1236 655 diligenter
1283 582 1527 637 secundo
1571 600 1699 636 cum
1744 599 1970 653 sapone.
2054 586 2113 636 et
2158 582 2362 637 deinde
2391 596 2416 636 5

337 654 504 709 tofles
540 659 717 725 guatu
766 655 1013 725 pisatum
1052 656 1116 708 ut
1151 657 1397 723 oportet,
1446 657 1504 707 et
1548 653 1875 708 commisces
1914 656 1970 708 et
2014 654 2198 724 ipsum
2237 670 2365 708 cum

333 742 503 807 supra
559 725 724 779 dictis
783 725 1100 796 speciebus,
1166 727 1223 778 et
1279 725 1519 779 defricas
1575 725 1892 795 diligenter.
1986 725 2135 778 diem
2190 742 2362 779 unam

335 814 394 850 re
439 813 696 851 mescere.

395 814 434 865 q
474 866 748 922 confectio
786 867 905 921 eius
941 867 1084 921 haec
1122 870 1226 923 est.
1298 866 1467 922 tolles
1517 867 1736 921 urinam
1774 866 2041 920 mundam
2079 866 2286 920 libram
2322 887 2358 936 1,

333 939 392 991 et
425 938 606 1009 ipsum
649 939 1043 1007 despumatum
1079 941 1137 992 et
1173 939 1535 993 commixtum
1572 955 1701 993 cum
1736 937 1863 1007 ipsa
1900 937 1976 991 sis
2015 937 2242 1007 species
2392 953 2447 991 10

475 1008 868 1079 Specierum
922 1011 989 1063 et
1043 1010 1414 1080 ponderum
1468 1013 1673 1078 atque
1729 1009 2029 1063 colorum
2088 1012 2362 1079 sumpta

334 1096 410 1133 ex
437 1079 733 1149 phisicis
811 1080 1214 1135 robamenta
1241 1080 1519 1135 finiunt.
1558 1083 1782 1135 Amen.
1819 1080 2063 1151 (ΘΕΟΥ
2083 1081 2358 1135 ΔΟΞΙΜΖ.

335 1149 572 1221 Compos
598 1151 717 1205 voti
772 1156 934 1206 actus
961 1169 1086 1205 sum
1115 1152 1211 1221 qui
1249 1151 1605 1222 cognoverim
1642 1168 1787 1220 quae
1826 1151 1940 1225 sint
1973 1150 2036 1204 in
2064 1150 2359 1205 structuris

333 1226 392 1275 et
429 1221 700 1276 aedificiis
739 1224 1151 1295 adservanda.)

471 1296 582 1362 (12)
620 1293 711 1348 De
745 1297 997 1351 rosato.
2387 1308 2447 1347 15

475 1364 729 1434 Quinque
783 1365 960 1420 libras
1015 1382 1175 1420 rosae
1229 1364 1412 1435 pridie
1466 1366 1741 1434 purgatae
1795 1364 1855 1417 in
1909 1364 2029 1418 vini
2073 1365 2280 1419 veteris
2326 1386 2362 1418 Χ

334 1435 594 1560 Sffitarffl
621 1436 846 1507 mergis,
885 1440 943 1491 et
971 1435 1288 1505 obstringit.
1348 1452 1383 1489 a
1412 1435 1531 1488 dies
1560 1455 1596 1487 Χ
1625 1435 1943 1505 despumati
1970 1435 2156 1490 mellis
2184 1436 2360 1491 libras

330 1522 364 1559 a
410 1507 558 1576 'cies‚
597 1509 654 1562 et
690 1508 880 1562 uteris.

474 1579 564 1632 De
620 1578 768 1633 oleo
826 1577 1118 1631 liliaci0.
1201 1576 1310 1630 Per
1356 1562 1467 1631 olei
1515 1576 1691 1631 libras
1737 1576 1987 1647 singulas
2036 1578 2182 1632 dena
2233 1577 2359 1632 lilia
2394 1594 2401 1598 ·

328 1649 549 1703 curabis
596 1649 914 1715 infundere,
966 1651 1024 1703 et
1069 1666 1170 1702 vas
1206 1648 1451 1703 vitreum
1495 1648 1877 1718 quadraginta
1926 1648 2123 1703 diebus
2172 1650 2358 1703 locare
2387 1662 2445 1701 20

329 1719 430 1773 snb
470 1719 782 1844 &go‘oleo
845 1806 1058 1846 roseo,
1149 1791 1216 1843 In
1281 1790 1391 1844 olei
1455 1789 1630 1843 libras
1695 1789 1947 1860 singulas
2010 1807 2168 1845 rosae
2227 1809 2358 1861 pur-

328 1862 499 1930 gatae
547 1860 797 1931 singulas
845 1862 1040 1915 uncias
1086 1861 1296 1930 mittis,
1345 1863 1516 1916 etwn
1553 1861 1750 1915 diebus
1795 1862 1855 1915 in
1902 1862 2019 1916 sole
2063 1862 2357 1932 suspendis

328 1934 386 1986 et
419 1930 569 1987 luna.

468 2003 559 2057 De
614 2004 963 2058 rodomeli.
1055 2006 1121 2059 In
1179 2004 1298 2058 suci
1354 2021 1515 2058 rosae
1573 2004 1829 2059 sextariis
1887 2004 2124 2076 singulis
2182 2004 2357 2058 libras
2386 2017 2442 2059 25

329 2073 580 2146 singulas
616 2074 802 2129 mellis
841 2075 1134 2145 admisceS‚
1173 2078 1231 2130 et
1267 2075 1465 2130 diebus
1492 2095 1561 2128 XL
1600 2077 1703 2129 sub
1743 2075 1859 2131 sole
1897 2075 2211 2145 suspendis.

473 2277 501 2323 1
541 2274 610 2339 (et
647 2274 699 2340 2)
736 2273 913 2340 gautu
951 2272 994 2327 S
1032 2272 1149 2342 (ubi
1197 2273 1433 2324 uuatum
1469 2273 1553 2326 bis
1590 2269 1730 2326 Eoec.
1762 2297 1829 2318 =
1857 2270 2034 2324 herba
2084 2269 2245 2323 isatis
2284 2271 2354 2336 cf.

330 2341 628 2401 Anecd.11,
658 2345 803 2413 117).
849 2346 869 2411 ΙΙ
915 2349 946 2396 2
984 2345 1161 2412 guatii
1198 2342 1266 2395 L.
1318 2346 1326 2406 Ι
1379 2341 1623 2395 semitim
1652 2341 1705 2397 S.
1757 2342 1769 2423 Ι
1813 2342 1941 2411 pisa
1978 2342 2055 2395 L:
2093 2340 2217 2410 ipsa
2247 2339 2301 2395 S.

327 2417 359 2465 3
414 2411 534 2466 sine
585 2412 737 2467 calce
775 2413 904 2470 LS:
961 2413 1081 2468 sine
1133 2413 1250 2467 sale
1289 2412 1431 2467 Ecce.
1487 2414 1506 2482 ΙΙ
1560 2417 1593 2466 4
1644 2412 1703 2466 in
1751 2429 1903 2482 ipsa:
1958 2411 2111 2481 ipsas
2149 2412 2289 2465 Exc.

330 2488 361 2536 5
399 2482 552 2552 pisas
591 2484 669 2540 L:
707 2483 862 2554 ipsas
900 2485 953 2539 S.
1007 2487 1026 2554 ΙΙ
1082 2491 1113 2538 6
1152 2486 1330 2554 guatu
1365 2483 1557 2553 pisatfi
1594 2483 1665 2550 L,
1701 2483 1889 2552 gaittu
1925 2484 2053 2551 (hic)
2089 2481 2282 2551 pisatu

328 2554 446 2621 (ubi
489 2557 764 2622 guuatum
799 2556 978 2625 Eme).
1035 2557 1054 2625 ΙΙ
1111 2561 1142 2609 8
1177 2557 1258 2610 sic
1294 2556 1415 2624 (om.
1455 2553 1735 2623 dimittes,
1783 2555 1925 2624 quod
1960 2553 2157 2607 habent
2194 2553 2356 2621 Eaec.)

329 2624 446 2680 LS.
477 2627 495 2696 ΙΙ
524 2629 554 2678 9
593 2628 672 2680 sic
699 2630 819 2695 (om.
848 2628 1094 2696 rubrica)
1121 2628 1238 2680 sine
1267 2625 1366 2680 lac.
1398 2625 1505 2680 LS
1529 2627 1674 2693 (item
1702 2626 1880 2693 Exc.).
1915 2627 1923 2692 Ι
1954 2623 2119 2677 urina
2145 2623 2357 2677 munda

326 2694 474 2749 libra
518 2715 540 2748 1
575 2697 656 2763 L,
709 2715 788 2754 ur.
841 2697 1050 2751 mundo
1102 2696 1250 2750 libra
1287 2716 1308 2749 1
1344 2695 1400 2752 S.
1455 2697 1474 2766 ΙΙ
1531 2701 1597 2750 10
1643 2695 1766 2766 ipso
1815 2695 1927 2763 di(e
1964 2695 2356 2764 S)spumatum

328 2770 411 2837 (ru
447 2767 516 2836 S)
553 2768 674 2823 LS.
732 2769 740 2839 Ι
801 2786 926 2823 cum
984 2767 1111 2839 ipsa
1173 2767 1248 2821 sis
1311 2766 1526 2837 species
1582 2770 1681 2837 (sic
1729 2784 1835 2836 pro
1888 2766 2041 2836 ipsas
2095 2765 2357 2836 ispecies)

325 2841 491 2893 etiam
518 2839 729 2908 Est-or„
767 2857 892 2893 cum
928 2839 1082 2909 ipsas
1121 2838 1337 2908 species
1366 2840 1418 2894 S.
1448 2840 1467 2908 ΙΙ
1498 2843 1560 2892 11
1602 2838 1870 2893 collorum
1902 2880 1913 2891 .
1946 2881 1957 2891 .
1990 2881 2000 2891 .
2036 2837 2218 2909 phicis
2247 2837 2301 2892 S.
2339 2837 2357 2908 ΙΙ

327 2913 536 2964 12—14
580 2911 710 2966 haec
763 2913 910 2966 solus
965 2912 1082 2979 (sic)
1137 2912 1264 2966 add.
1306 2910 1351 2965 S
1392 2912 1523 2980 (θεῷ
1573 2913 1706 2964 δόξα
1743 2917 1864 2978 eta,
1930 2926 2031 2962 om.
2078 2916 2143 2963 ut
2179 2908 2357 2976 Laid„

325 2981 489 3035 etiam
527 2982 755 3052 Escor.).
795 2984 812 3052 ΙΙ
852 2987 917 3035 13
957 2981 1237 3052 coguerim
1277 2983 1395 3051 (sic)
1433 2981 1487 3036 S.
1526 2983 1543 3050 ΙΙ
1574 2998 1615 3036 c.
1656 2984 1728 3036 12
1764 2999 1831 3034 eoe
1867 2981 2130 3035 Palladio
2167 2983 2251 3047 (in
2286 2997 2353 3032 m.

323 3051 486 3106 Maio
531 3058 666 3107 extr.
725 3064 794 3112 VI,
824 3055 1075 3121 13—16).
1123 3055 1142 3123 ΙΙ
1189 3058 1254 3106 16
1303 3051 1559 3120 Quinque
1596 3051 1674 3108 L:
1725 3050 1937 3116 Quibus
1977 3050 2030 3105 S.
2078 3052 2096 3119 ΙΙ
2144 3056 2209 3103 17
2251 3065 2357 3118 pro

322 3123 384 3174 >et
419 3125 550 3192 post
583 3122 824 3192 triginta
860 3123 980 3177 dies
1017 3143 1052 3176 Χ
1083 3165 1094 3176 .
1128 3167 1138 3178 .
1173 3167 1184 3178 .
1214 3126 1288 3191 (Ξ).
1345 3126 1363 3193 ss
1421 3130 1484 3176 19
1522 3123 1630 3176 Per
1665 3140 1767 3177 om.
1808 3123 1860 3177 S.
1914 3123 1921 3189 Ι
1971 3120 2257 3194 denas‘l-ilia
2285 3120 2357 3186 L,

318 3191 575 3333 Jgenniallia
603 3193 655 3249 S.
685 3196 1054 3321 21123Sseptem
1083 3194 1136 3250 S.
1166 3197 1185 3263 ΙΙ
1213 3200 1280 3248 25
1318 3194 1401 3248 De
1437 3193 1573 3247 rodo
1610 3192 1745 3247 meli
1772 3193 1849 3260 L,
1892 3193 1974 3246 De
2010 3192 2148 3247 rodo
2188 3189 2355 3244 melle

368 3304 378 3314 .
454 3269 520 3318 26
559 3280 627 3318 ex
663 3269 683 3334 (
727 3268 760 3334 .)
840 3307 851 3318 .
895 3314 900 3320 .

1124 3420 1547 3429 -----
