2664 3927
309 1576 342 1624 8

391 165 521 230 206
1236 165 1565 221 VITRUVII

388 316 648 376 vallibus
698 317 896 376 factus
947 318 1132 376 fuerit
1184 335 1291 376 nec
1346 316 1747 376 substructum
1800 317 1879 376 ad
1926 317 2139 376 libram
2184 318 2415 377 factum

387 406 492 464 sed
543 406 854 483 geniculus
908 408 1048 481 erit,
1101 408 1373 481 erumpet
1425 408 1487 464 et
1538 405 1825 466 dissolvet
1876 405 2209 466 fistularum
2254 425 2413 466 eom-

385 496 690 555 missuras.
781 495 963 554 etiam
1014 495 1079 553 in
1133 498 1339 553 ventre
1390 494 1720 554 colliviaria
1766 498 1905 554 sunt
1948 495 2249 570 facienda,
2301 517 2413 572 per

389 602 542 661 quae
604 584 696 644 vis
757 584 1003 660 spiritus
1066 583 1380 642 relaxetur.
1478 583 1568 642 ita
1606 576 1617 666 Ι
1655 603 1763 660 per
1812 583 2045 644 fistulas
2098 584 2411 660 plumbeas
2428 596 2521 650 (2⁶)

388 691 611 750 aquam
659 674 762 748 qui
807 673 1042 747 ducent,
1084 672 1176 731 his
1221 671 1555 732 rationibus
1598 672 1923 732 bellissime
1960 676 2247 748 poterunt
2280 674 2407 734 effi·
2435 693 2465 735 5

385 781 545 837 cere,
599 761 757 838 quod
812 764 872 820 et
927 761 1206 820 decursus
1260 765 1320 820 et
1367 753 1913 844 circumductiolnes
1959 765 2021 820 et
2064 765 2301 826 ventres
2347 765 2411 822 et
2428 772 2549 828 209

387 869 696 927 expressus
749 850 863 908 hac
915 850 1150 910 ratione
1192 853 1449 926 possunt
1490 849 1644 925 fieri,
1700 869 1835 910 cum
1879 849 2185 910 habebunt
2226 869 2265 910 a
2310 870 2407 910 ca-

382 939 608 1015 pitibus
663 938 740 998 ad
791 938 1028 998 moenia
1080 938 1310 1015 fastigii
1366 937 1737 998 libramenta.
1826 939 1973 998 item
2026 939 2183 998 inter
2238 943 2407 1000 actus

385 1029 642 1087 ducenos
695 1046 816 1086 non
869 1031 960 1086 est
1017 1027 1234 1086 inutile
1279 1027 1525 1087 castella
1572 1028 1897 1103 conlocari,
1948 1032 2019 1087 ut
2062 1027 2119 1086 si
2162 1029 2405 1104 quando

381 1117 600 1177 vitium
669 1116 863 1192 aliqui
925 1116 1090 1176 locus
1152 1116 1387 1191 feeerit,
1456 1135 1579 1177 non
1639 1119 1835 1176 totum
1898 1135 2187 1192 omneque
2252 1136 2401 1194 opus
2429 1138 2487 1178 ιο

387 1199 830 1288 {contundatur
891 1207 954 1264 et
1014 1206 1078 1264 in
1133 1205 1346 1281 quibus
1402 1203 1547 1264 locis
1602 1205 1681 1264 sit
1734 1206 1963 1264 factum
2016 1205 2257 1266 facilius
2310 1206 2401 1264 in·
2420 1217 2483 1269 (⁵)

380 1296 676 1369 veniatur,
713 1295 816 1354 sed
853 1313 924 1354 ea
961 1294 1204 1352 castella
1239 1313 1433 1369 neque
1467 1294 1531 1352 in
1568 1293 1821 1354 domu-su
1854 1313 2048 1370 neque
2084 1295 2149 1352 in
2178 1296 2406 1356 ventris

380 1384 636 1460 planitia
679 1402 870 1459 neque
914 1382 978 1442 in
1025 1382 1499 1458 expressionibus
1533 1403 1729 1459 neque
1765 1385 2006 1443 omnino
2040 1382 2105 1441 in
2140 1383 2399 1444 vallibus

379 1473 484 1532 sed
527 1473 590 1532 in
634 1475 924 1549 perpetua
969 1473 1356 1547 aequalitate.

514 1561 620 1620 Sin
665 1564 870 1620 autem
913 1560 1140 1620 minore
1187 1563 1428 1636 sumptu
1472 1561 1837 1620 voluerimus
1850 1605 1865 1636 ‚
1910 1561 1996 1620 sic
2042 1564 2134 1621 est
2176 1561 2397 1620 facien-
2426 1581 2481 1622 ιε

377 1652 534 1710 dum.
583 1644 594 1734 Ι
642 1650 836 1709 tubuli
899 1667 1097 1708 crasso
1161 1649 1318 1709 corio
1382 1668 1457 1707 ne
1511 1649 1709 1708 minus
1762 1650 2017 1710 duorum
2071 1649 2393 1728 digitorum
2412 1661 2504 1712 (1⁰)

374 1741 550 1815 fiant,
605 1739 706 1799 sed
759 1739 848 1798 ita
898 1738 963 1796 hi
1014 1737 1218 1797 tubuli
1271 1757 1342 1797 ex
1394 1756 1515 1796 una
1567 1741 1740 1813 parte
1796 1739 1917 1798 sint
1967 1739 2273 1816 lingulati,
2324 1743 2399 1798 ut

377 1830 528 1888 alius
601 1830 665 1887 in
737 1828 925 1886 alium
984 1826 1136 1884 inire
1199 1827 1629 1903 convenireque
1688 1828 1936 1902 possint.
2044 1831 2397 1904 coagmenta

375 1921 579 1977 autem
633 1936 842 1977 eorum
887 1916 1046 1975 calce
1089 1915 1230 1976 viva
1275 1934 1349 1975 ex
1394 1916 1523 1977 oleo
1570 1915 1819 1977 subacta
1863 1919 2005 1977 sunt
2047 1917 2397 1993 inlinienda,

376 2010 437 2065 et
489 2008 554 2065 in
599 2005 1098 2066 declinationibus
1141 2005 1483 2065 libramenti
1528 2006 1752 2065 ventris
1795 2006 1951 2082 lapis
1998 2010 2091 2067 est
2134 2026 2207 2065 ex
2250 2025 2395 2065 saxo
2423 2028 2478 2067 so

373 2095 554 2154 rubro
607 2095 670 2153 in
724 2095 856 2170 ipso
909 2094 1183 2171 geniculo
1225 2089 1234 2172 Ι
1275 2094 1669 2154 conlocandus
1720 2095 1889 2171 isque
1934 2094 2391 2172 perterebratas,
2411 2106 2501 2158 (15)

373 2185 468 2243 uti
515 2203 584 2242 ex
628 2184 877 2242 decursu
921 2183 1170 2242 tubulus
1204 2182 1565 2243 novissimus
1600 2184 1665 2241 in
1700 2184 1901 2259 lapide
1936 2187 2393 2261 coagmentetur

375 2277 434 2332 et
487 2272 713 2349 primus
768 2274 950 2331 etiam
1002 2271 1209 2331 librati
1261 2273 1514 2346 ventris,
1568 2272 1647 2331 ad
1700 2273 1953 2331 eundem
1997 2273 2241 2333 modum
2286 2273 2391 2332 ad-

371 2380 576 2421 versus
632 2361 854 2421 clivum
910 2364 970 2420 et
1021 2361 1379 2420 novissimus
1433 2361 1638 2419 librati
1692 2363 1915 2421 ventris
1960 2362 2025 2419 in
2071 2380 2216 2421 cavo
2262 2364 2391 2421 saxi

370 2451 536 2509 rubri
587 2451 832 2511 haereat
885 2453 948 2508 et
998 2451 1224 2525 primus
1279 2450 1670 2525 expressionis
1725 2450 1802 2509 ad
1850 2451 2101 2509 eundem
2144 2451 2387 2511 modum
2420 2474 2475 2515 25

371 2542 832 2617 coagmentetur.
901 2539 993 2599 ita
1037 2538 1254 2597 librata
1298 2530 1575 2620 planifftia
1613 2538 1959 2599 tubulorum
1996 2540 2073 2598 ad
2108 2540 2390 2600 decursus
2409 2554 2499 2605 (πο)
2620 2606 2622 2617 Ι

371 2632 432 2689 et
476 2628 878 2705 expressiones
921 2647 1044 2686 non
1088 2626 1421 2686 extolletur.
1493 2646 1753 2703 namque
1790 2628 2103 2687 vehemens
2141 2628 2389 2704 spiritus

366 2718 432 2776 in
479 2736 670 2794 aquae
716 2718 994 2776 ductione
1038 2717 1193 2775 solet
1236 2716 1418 2790 nasei,
1462 2716 1553 2775 ita
1596 2719 1665 2775 ut
1709 2718 1893 2775 etiam
1938 2735 2082 2776 saxa
2120 2736 2387 2791 perrum-

366 2811 494 2883 pat,
537 2808 654 2866 nisi
687 2807 946 2882 primum
983 2804 1198 2864 leniter
1234 2808 1296 2863 et
1329 2823 1507 2880 parce
1545 2823 1581 2863 a
1620 2806 1813 2881 eapite
1852 2824 2011 2881 aqua
2046 2806 2389 2864 inmittatur

369 2899 430 2954 et
489 2897 552 2953 in
617 2895 902 2971 geniculis
964 2897 1073 2952 aut
1133 2894 1393 2953 versuris
1456 2894 1903 2971 alligationibus
1969 2898 2075 2953 aut
2126 2895 2387 2970 pondere
2416 2919 2472 2959 ω

510 3105 542 3151 2
580 3099 975 3153 commixturas
1009 3116 1063 3153 x.
1094 3102 1113 3168 n
1140 3105 1171 3151 3
1211 3096 1551 3153 colliviaria:
1588 3101 1668 3155 sic
1702 3116 1758 3154 ω.
1787 3100 1806 3167 ΙΙ
1836 3104 1865 3152 7
1905 3099 2214 3169 exprae(H,
2250 3116 2283 3173 e
2316 3099 2388 3168 G,

367 3186 397 3223 e
421 3168 672 3238 GS⁶)ssis
690 3188 745 3224 x.
765 3170 784 3242 Η
803 3174 835 3223 8
855 3168 1097 3239 fastigii:
1118 3168 1414 3238 adfastigii
1432 3169 1499 3223 H
1508 3170 1577 3237 G,
1601 3170 1675 3223 ad
1702 3168 1937 3241 fastigia
1952 3170 2005 3225 S.
2025 3170 2094 3243 [19
2116 3170 2387 3225 ducentos

365 3258 420 3295 x.
441 3240 460 3312 Π
480 3245 547 3293 10
567 3239 745 3309 aliqui
767 3242 829 3295 H
840 3239 915 3295 G:
947 3240 1095 3307 -quis
1111 3239 1166 3294 S.
1195 3242 1216 3309 n
1244 3245 1310 3292 13
1330 3242 1441 3309 (26)
1458 3239 1726 3309 planitia:
1756 3242 1873 3311 (sic)
1887 3259 1942 3297 ω.
1972 3244 1991 3311 ΙΙ
2021 3248 2088 3297 14
2106 3242 2389 3312 fiantpost

366 3312 638 3381 perpetua
675 3312 802 3366 add.
830 3310 948 3367 Joc.
976 3313 996 3379 ΙΙ
1025 3315 1090 3363 15
1127 3309 1453 3364 faciundum
1483 3313 1669 3382 (solus)
1697 3313 1751 3367 S.
1780 3315 1799 3382 ΙΙ
1829 3318 1896 3367 17
1924 3312 2008 3367 ita
2040 3314 2385 3370 Oehmiche‘nz

365 3380 452 3432 uti
486 3398 540 3435 ω.
569 3384 588 3452 ΙΙ
615 3386 682 3435 23
720 3382 918 3437 etiam:
957 3398 1025 3435 ex
1059 3399 1114 3436 x.
1149 3385 1156 3451 Ι
1190 3381 1487 3436 adversum
1524 3385 1626 3453 (Ji)
1652 3401 1705 3439 ω.
1735 3386 1757 3454 ΙΙ
1782 3389 1851 3437 24
1886 3384 2255 3439 novissimum
2281 3387 2387 3455 (-ΰ)

366 3466 419 3502 ae.
449 3452 471 3517 ΙΙ
495 3457 563 3504 26
593 3453 692 3507 ad:
727 3456 829 3508 aut
854 3452 924 3507 H
926 3452 1112 3523 Sffic),
1142 3452 1206 3505 ut
1237 3452 1303 3507 G.
1331 3454 1353 3521 ΙΙ
1380 3458 1448 3507 27
1476 3456 1536 3507 et
1561 3471 1662 3509 om.
1683 3455 1736 3510 S.
1771 3456 1780 3527 Ι
1811 3459 2068 3525 expre(ae
2087 3456 2386 3527 H)ssionis

367 3534 422 3571 x.
451 3522 470 3586 n
497 3526 563 3572 28
593 3521 724 3576 sol&
751 3524 814 3579 S:
845 3524 1027 3579 solent
1056 3523 1124 3576 H
1128 3522 1262 3577 EG.
1291 3524 1311 3591 ss
1340 3528 1406 3575 29
1434 3541 1472 3578 a
1500 3524 1686 3595 capite
1714 3543 1815 3582 om.
1836 3526 1883 3581 S
1902 3530 1960 3597 (i.
1990 3544 2060 3583 m.
2085 3530 2263 3599 suppl.
2286 3528 2385 3591 8⁰).
