2664 3927
238 1916 270 1963 3

319 153 452 218 234
1161 153 1493 208 VITRUVII

315 304 611 362 Flaminio
659 306 748 362 est
793 305 1072 380 positum,
1120 301 1407 380 Scopinas
1446 303 1812 380 Syracusius,
1858 321 2020 377 προς
2057 323 2135 365 τα
2175 323 2339 366 tcto-

319 409 599 466 ρουμενα
642 393 1024 466 Parmenion,
1079 408 1241 465 προς
1287 410 1419 451 παν
1466 393 1651 466 κλιμα
1698 394 2059 454 Theodosius
2108 398 2169 454 et
2214 395 2338 454 An-

317 482 505 555 dreas,
549 482 852 541 Patrocles
895 477 903 560 Ι
943 481 1290 557 pelecinum,
1338 482 1785 558 Dionysodorus
1824 501 2051 558 conum,
2087 482 2337 560 Apollo·
2358 496 2451 549 (20)

314 571 452 629 nius
495 570 864 646 pharetram,
912 570 1148 646 aliaque
1194 590 1414 647 genera
1461 573 1521 630 et
1566 572 1669 647 qui
1716 584 1899 647 supra
1944 572 2151 648 scripti
2196 576 2339 632 sunt
2408 645 2414 652 ‚

315 663 376 717 et
421 659 527 717 alii
572 660 770 734 plures
815 660 1058 718 inventa
1100 659 1498 735 reliquerunt,
1552 660 1645 719 uti
1691 661 2125 736 conarachnen,
2178 663 2336 721 coni·
2366 683 2394 722 5

314 767 448 806 cum
492 747 839 823 plinthium,
895 747 1282 807 antiboreum.
1334 741 1341 828 Ι
1392 750 1537 808 item
1590 768 1661 806 ex
1704 749 1795 808 his
1848 750 2159 825 generibus
2205 751 2331 810 via-
2352 761 2474 817 237

314 836 471 895 toria
528 836 779 912 pensilia
839 836 934 895 uti
985 836 1195 896 fierent
1247 838 1449 913 plures
1504 837 1727 912 scripta
1781 838 2171 912 reliquerunt.
2264 859 2338 898 ex

315 943 568 1000 quorum
625 925 792 984 libris
853 926 903 984 si
962 925 1067 1001 qui
1124 925 1272 986 velit
1327 925 1716 985 subiectiones
1772 926 2038 986 invenire
2094 929 2338 1004 poterit,

313 1013 628 1072 dummodo
675 1015 826 1072 sciat
871 1015 1296 1074 analemmatos
1346 1015 1782 1090 descriptiones.

442 1101 598 1160 Item
643 1105 783 1161 sunt
827 1122 898 1161 ex
945 1123 1098 1178 aqua
1145 1104 1512 1179 conquisitae
1558 1104 1633 1162 ab
1680 1103 1902 1162 eisdem
1947 1105 2335 1180 scriptoribus
2366 1129 2420 1167 ιο

316 1181 797 1271 {horologiorum
859 1193 1147 1267 rationeS,
1209 1193 1584 1269 primumque
1648 1211 1684 1266 a
1751 1191 2008 1252 Ctesibio
2075 1194 2333 1253 Alexan-
2356 1206 2419 1258 (⁵)

311 1279 508 1354 drino,
564 1280 666 1355 qui
723 1283 783 1339 et
836 1281 960 1339 vim
1003 1276 1260 1357 ¹spiritus
1313 1282 1605 1340 naturalis
1660 1281 2185 1358 pneumaticasque
2238 1303 2334 1342 res

309 1368 555 1427 invenit.
630 1369 732 1427 sed
776 1369 870 1428 uti
914 1370 1138 1429 fuerint
1174 1389 1244 1428 ea
1283 1371 1595 1446 exquisita,
1641 1369 1887 1448 dignum
1924 1372 2016 1429 est
2050 1371 2334 1431 studiosis

311 1476 642 1535 agnoscere.
719 1456 1010 1518 Ctesibius
1057 1459 1216 1517 enim
1259 1459 1456 1517 fuerat
1495 1458 1891 1517 Alexandriae
1936 1462 2114 1540 natus
2158 1467 2332 1534 patre

307 1549 562 1606 tonsore.
655 1547 706 1605 is
759 1547 997 1623 ingenio
1055 1550 1115 1605 et
1169 1547 1463 1606 industria
1515 1566 1734 1625 magna
1788 1551 2025 1623 praeter
2068 1549 2332 1624 reliquos
2362 1574 2416 1614 15

309 1636 596 1694 excellens
643 1635 833 1694 dictus
876 1630 884 1712 Ι
925 1637 1018 1694 est
1063 1635 1397 1694 artificiosis
1441 1636 1614 1695 rebus
1664 1655 1723 1695 se
1772 1636 2080 1695 delectare.
2162 1653 2444 1703 nam-(10)

309 1743 425 1799 que
472 1743 607 1782 cum
650 1723 938 1783 voluisset
982 1724 1046 1781 in
1081 1724 1330 1783 taberna
1368 1725 1460 1784 sui
1497 1725 1687 1801 patris
1725 1725 2029 1800 speculum
2063 1725 2151 1784 ita
2186 1745 2331 1801 pen—

308 1812 444 1871 dere
489 1815 558 1870 ut
603 1831 736 1871 cum
773 1812 1083 1871 duceretur
1119 1831 1469 1889 sursumque
1505 1814 1898 1888 reduceretur,
1943 1814 2101 1874 linea
2137 1814 2331 1874 latens

307 1900 537 1976 pondus
583 1901 905 1978 reduceret,
951 1901 1038 1960 ita
1085 1902 1417 1962 conlocavit
1461 1902 1975 1962 machinationem.
2060 1905 2333 1962 canalem

306 1990 572 2066 ligneum
636 1991 742 2048 sub
805 1990 973 2068 tigno
1037 1991 1168 2050 fixit
1219 1992 1421 2067 ibique
1476 1993 1727 2051 trocleas
1784 1992 2128 2051 conlocavit.
2221 2013 2331 2069 per
2358 2020 2413 2057 20

276 2078 576 2136 banalem
609 2079 832 2137 lineam
854 2080 919 2137 in
947 2080 1237 2157 angulum
1277 2073 1285 2162 Ι
1327 2081 1570 2140 deduxit
1596 2080 1797 2156 ibique
1824 2081 2063 2140 tubulos
2094 2083 2325 2140 struxit.
2349 2097 2440 2150 (15)

305 2168 367 2223 in
427 2185 525 2225 eos
571 2166 758 2242 pilam
801 2168 1141 2243 plumbeam
1185 2188 1292 2244 per
1336 2170 1558 2229 lineam
1603 2169 2031 2228 demittendam
2077 2171 2325 2228 curavit.

304 2256 393 2313 ita
447 2255 678 2331 pondus
733 2275 870 2314 cum
925 2256 1287 2316 decurrendo
1341 2258 1403 2316 in
1451 2258 1757 2335 angustias
1802 2258 2150 2317 tubulorum
2193 2278 2324 2335 pre-

303 2347 492 2402 meret
536 2344 686 2402 caeli
731 2345 1126 2419 crebritatem,
1172 2347 1506 2405 vehementi
1547 2348 1795 2406 decursu
1830 2366 1937 2422 per
1971 2348 2171 2406 fauces
2208 2347 2325 2405 fre-

307 2432 612 2508 quentiam
658 2433 809 2492 caeli
854 2436 1282 2510 compressione
1321 2436 1639 2495 solidatam
1677 2436 1989 2495 extrudens
2024 2436 2089 2493 in
2128 2455 2326 2494 aerem
2355 2460 2411 2499 25

448 2591 475 2637 1
513 2587 709 2654 presta
742 2584 1125 2639 historumena
1160 2586 1292 2655 HS,
1325 2586 1479 2661 <ptha
1514 2586 1911 2656 hystoromena
1946 2587 2014 2642 6¹.
2050 2589 2071 2657 ΙΙ
2106 2592 2137 2640 2
2166 2604 2325 2657 pros-

302 2655 600 2725 panclema
642 2674 697 2711 ω.
758 2661 767 2724 Ι
826 2656 1053 2711 andriae
1098 2675 1153 2712 x.
1208 2660 1228 2728 ΙΙ
1282 2662 1314 2710 3
1363 2658 1681 2727 pelecinum
1728 2676 1793 2713 x:
1848 2656 2138 2739 pelignum
2178 2658 2321 2713 Fav.

303 2734 384 2797 (p.
403 2730 758 2795 309,18.17).
793 2729 801 2796 Ι
833 2727 1053 2782 dioniso
1078 2728 1084 2789 Ι
1215 2734 1531 2798 porusconfi
1550 2729 1630 2798 H,
1658 2728 1976 2799 dionismm
2007 2734 2323 2797 porusconfi

303 2799 361 2866 S,
399 2797 618 2852 dioniso
654 2815 1028 2869 porusconum
1056 2800 1124 2855 G.
1171 2803 1190 2863 ΙΙ
1233 2805 1269 2853 4
1305 2802 1591 2868 paretram
1626 2802 1707 2869 (ὦ,
1739 2800 1810 2870 G)
1846 2818 1902 2855 x.
1940 2802 1959 2868 ΙΙ
1996 2804 2027 2852 6
2068 2799 2183 2853 alia
2210 2799 2265 2853 S.
2310 2800 2318 2871 Ι

300 2870 687 2924 conarchenen
715 2872 978 2924 conatum
1005 2872 1108 2940 (-ι“1)
1135 2869 1443 2940 plinthium
1472 2872 1575 2941 (-ι“1)
1606 2871 2158 2939 antiboraeum(-re1‘1
2179 2871 2325 2941 SGc)

298 2958 353 2995 ω.
411 2943 428 3010 ΙΙ
483 2947 514 2994 6
561 2940 712 2994 idem
757 2961 816 2996 x.
872 2943 890 3011 ΙΙ
947 2947 976 2994 7
1023 2941 1266 3010 pensilia
1305 2941 1433 2997 (482
1487 2941 1731 3011 pensilia
1778 2942 1845 2996 H
1852 2943 1982 3012 (G0).
2045 2945 2052 3011 Ι
2111 2943 2175 2996 ut
2212 2941 2266 2996 S.
2305 2942 2326 3013 ΙΙ

300 3016 332 3063 8
372 3010 735 3065 subiectionis
775 3012 819 3067 S
847 3014 990 3081 (mes
1029 3013 1097 3067 H
1108 3012 1266 3081 GSc).
1321 3015 1341 3082 ΙΙ
1398 3018 1459 3066 11
1501 3012 1747 3068 aclesbio
1784 3030 1839 3067 x.
1895 3014 1915 3081 ΙΙ
1971 3018 2036 3065 12
2076 3011 2175 3080 qui
2218 3012 2324 3066 &ia

299 3081 531 3151 spiritus
558 3082 836 3137 naturalis
864 3082 995 3137 ineii
1032 3083 1350 3152 atticasque
1378 3102 1432 3138 x.
1462 3085 1481 3153 ΙΙ
1510 3090 1576 3137 13
1606 3086 1693 3138 est
1720 3101 1819 3139 om.
1848 3101 1902 3138 x.
1933 3086 1951 3153 ΙΙ
1983 3090 2049 3136 14
2078 3082 2322 3137 clesbius

297 3170 352 3207 x.
382 3155 402 3222 ΙΙ
431 3158 496 3205 16
536 3152 880 3221 se'delectare
911 3156 997 3207 G0.
1027 3156 1045 3223 ΙΙ
1074 3160 1140 3208 18
1179 3171 1480 3223 susumque
1507 3173 1549 3209 x
1574 3157 1701 3223 (usu
1735 3157 2032 3221 romanice,
2066 3156 2163 3224 qui
2198 3155 2321 3209 ubi-

297 3240 398 3291 que
435 3224 691 3278 delendus
726 3231 818 3291 est,
854 3232 918 3279 ut
948 3242 1005 3293 p.
1032 3229 1162 3292 253,
1178 3230 1256 3281 26
1291 3233 1343 3281 et
1378 3228 1533 3295 apud
1570 3227 1890 3281 Varronem:
1930 3224 2062 3280 Keil
2097 3226 2173 3279 ad
2204 3226 2320 3281 Cat.

289 3311 350 3361 p.
384 3298 478 3361 61,
518 3296 593 3349 ad
631 3296 788 3350 Varr.
821 3313 878 3364 p.
918 3298 1052 3359 135,
1107 3297 1330 3351 Lachm.
1390 3298 1466 3351 ad
1503 3297 1669 3351 Lacr.
1711 3314 1770 3366 p.
1810 3301 1932 3351 144.
1970 3328 2037 3335 —
2074 3295 2319 3350 introsus

297 3365 454 3417 semel
480 3363 526 3418 S
550 3382 609 3434 p.
637 3369 765 3433 231,
784 3371 893 3420 12.
945 3366 954 3436 Ι
1003 3365 1304 3421 deduceret
1339 3386 1394 3422 x.
1450 3370 1469 3437 ΙΙ
1521 3374 1587 3421 21
1627 3367 1838 3421 lineam
1876 3368 1952 3423 G:
1990 3365 2181 3442 lignea
2218 3367 2321 3435 Hc,

298 3430 548 3499 ligneam
574 3435 630 3490 S.
675 3438 694 3504 ΙΙ
739 3442 805 3490 22
884 3436 1252 3491 emittendam
1289 3439 1425 3495 HS:
1466 3439 1607 3493 dim-
1641 3439 1710 3495 G.
1756 3441 1774 3507 ΙΙ
1821 3444 1889 3492 25
1928 3438 2321 3509 conpressione

304 3499 380 3550 G:
420 3503 793 3560 confressione
830 3507 897 3560 H
900 3507 954 3563 S.
