2664 3927
761 140 857 195 DE
896 140 1456 195 ARCHITECTURA
1491 139 1625 195 LIB.
1654 139 1774 207 VH,
1805 145 1836 193 9
2170 68 2316 203 x177

103 304 257 360 179
286 312 492 352 ceram
533 287 540 370 Ι
580 294 882 367 ponticam
926 293 1055 369 igni
1097 292 1484 367 liquefactam
1527 292 1710 367 paulo
1749 291 1877 351 oleo
1922 292 2320 367 temperatam

281 384 457 442 saeta
520 381 789 457 inducat,
856 381 1064 439 deinde
1127 383 1338 457 postea
1402 380 1754 439 carbonibus
1812 380 1876 438 in
1930 381 2122 438 ferreo
2174 400 2317 441 vase

282 471 631 546 compositis
678 489 810 528 eam
856 489 1051 529 ceram
1096 488 1133 528 a
1168 470 1436 545 proximo
1477 489 1609 528 cum
1644 469 1872 545 pariete
1910 469 2316 530 calefaciundo

284 559 504 619 sudare
563 562 765 635 cogat,
820 562 1002 634 atque
1057 562 1126 617 ut
1180 560 1579 634 peraequatur
1623 558 1834 617 deinde
1880 562 2020 617 tunc
2067 559 2316 617 candela

215 668 247 711 5
282 649 609 723 linteisque
646 648 811 723 puris
852 642 859 726 Ι
902 648 1159 725 subigat,
1205 648 1297 705 uti
1334 648 1505 725 signa
1540 665 1873 707 marmorea
1909 646 2068 705 nuda
2105 666 2314 707 curan·

283 742 404 797 tur.
503 738 648 796 haec
712 739 916 795 autem
974 752 1245 808 γανωειε
1310 754 1518 813 graece
1583 736 1821 795 dicitur.
1919 736 2009 796 ita
2073 735 2312 796 obstans
2348 750 2388 797 4

284 845 457 886 cerae
519 826 794 901 ponticae
848 826 1035 884 lorica
1088 845 1208 885 non
1259 825 1490 900 patitur
1542 844 1650 884 nec
1704 826 1882 883 lunae
1943 825 2317 901 splendorem

284 935 398 974 nec
444 915 583 973 solis
629 914 827 973 radios
873 914 1187 973 lambendo
1234 914 1460 989 eripere
1498 932 1568 972 ex
1603 914 1697 972 his
1734 913 2121 989 politionibus
2160 916 2316 974 colo-

284 1024 430 1063 rem.
508 1023 656 1078 quae
694 1006 896 1062 autem
930 1004 995 1061 in
1021 1003 1415 1079 Ephesiorum
1451 1003 1711 1061 metallis
1748 1004 1988 1061 fuerunt
2025 1003 2316 1080 officinae,

186 1114 253 1153 10
287 1112 445 1151 nunc
499 1093 783 1150 traiectae
838 1094 977 1150 sunt
1028 1091 1161 1150 ideo
1216 1090 1472 1149 Romam
1512 1085 1519 1168 Ι
1563 1091 1720 1165 quod
1773 1092 1838 1149 id
1890 1112 2074 1168 genus
2128 1112 2316 1152 venae

289 1184 499 1257 postea
537 1183 625 1239 est
660 1182 968 1240 inventum
993 1180 1321 1256 Hispaniae
1351 1180 1713 1257 regionibuS,
1751 1199 1782 1237 e
1812 1181 2024 1256 quibus
2052 1183 2314 1243 metallis

292 1269 537 1347 glaebae
581 1272 897 1345 portantur
943 1273 1003 1328 et
1045 1289 1153 1345 per
1187 1269 1536 1344 publicanos
1573 1268 1799 1327 Romae
1836 1272 2133 1328 curantur.
2209 1290 2315 1329 eae

292 1361 491 1417 autem
538 1357 807 1417 officinae
855 1361 993 1417 sunt
1037 1358 1195 1417 inter
1240 1358 1448 1416 aedem
1491 1357 1706 1417 Florae
1752 1360 1811 1416 et
1858 1356 2105 1426 Quirini.

423 1447 689 1505 Vitiatur
740 1448 990 1506 minium
1043 1448 1307 1505 admixta
1365 1446 1540 1505 calce.
1640 1447 1846 1521 itaque
1901 1448 1952 1505 si
2009 1447 2113 1522 qui
2166 1448 2314 1507 velit
2350 1461 2386 1510 5

198 1555 259 1595 15
291 1528 560 1617 exffperiri
621 1536 683 1594 id
747 1537 871 1595 sine
924 1537 1072 1595 vitio
1139 1554 1289 1610 esse,
1356 1536 1439 1593 sic
1494 1535 1606 1593 erit
1668 1535 2019 1594 faciendum.
2119 1538 2313 1596 ferrea

288 1624 491 1683 lamna
528 1628 811 1700 sumatur,
850 1643 917 1683 eo
954 1624 1206 1683 minium
1240 1626 1580 1699 inponatur,
1627 1623 1702 1681 ad
1739 1624 1938 1701 ignem
1975 1626 2314 1685 conlocetur

290 1713 475 1772 donec
538 1715 741 1772 lamna
804 1713 1133 1773 candescat.
1235 1733 1370 1772 cum
1425 1732 1456 1771 e
1512 1712 1764 1773 candore
1829 1714 1991 1772 color
2046 1717 2312 1774 mutatus

288 1804 472 1861 fuerit
517 1804 745 1879 eritque
792 1806 934 1877 ater,
980 1803 1230 1861 tollatur
1272 1801 1476 1859 lamna
1533 1801 1606 1859 ab
1661 1802 1789 1878 igni
1835 1805 1896 1860 et
1939 1803 2024 1861 sic
2068 1804 2310 1881 refrige-

291 1894 491 1950 ratum
536 1894 586 1951 si
630 1893 981 1951 restituatur
1025 1891 1088 1949 in
1132 1890 1451 1967 pristinum
1498 1891 1771 1967 colorem,
1819 1891 1943 1949 sine
1990 1891 2138 1950 vitio
2187 1911 2312 1952 esse

201 2002 264 2042 20
291 1982 655 2057 probabitur,
683 1984 775 2040 sin
817 1975 824 2058 Ι
866 1984 1067 2040 autem
1092 1980 1484 2056 permanserit
1510 1979 1680 2056 nigro
1711 1980 1924 2056 colore,
1951 1981 2313 2059 significabit

294 2089 357 2129 se
405 2089 528 2128 esse
571 2072 867 2130 vitiatum.

428 2158 589 2228 Quae
634 2178 967 2218 succurrere
1011 2160 1334 2234 potuerunt
1378 2157 1526 2215 mihi
1570 2157 1643 2216 de
1688 2157 1871 2217 minio
1919 2159 2056 2219 dixi.
2139 2161 2306 2236 chry-
2348 2173 2384 2222 6

292 2249 515 2308 socolla
560 2248 912 2323 adportatur
956 2266 991 2305 a
1027 2246 1392 2322 Macedonia,
1437 2247 1662 2304 foditur
1708 2250 1906 2305 autem
1953 2268 2022 2306 ex
2066 2249 2118 2308 is
2162 2250 2309 2308 10018

294 2338 401 2412 qui
446 2341 583 2396 sunt
626 2336 880 2412 proximi
916 2337 1159 2395 aerariis
1203 2336 1481 2394 metallis.
1572 2336 1899 2394 armenium
1945 2339 2005 2395 et
2047 2336 2310 2398 indicum

206 2445 263 2486 25
290 2425 626 2484 nominibus
671 2426 817 2501 ipsis
860 2425 1158 2484 indicatur
1203 2425 1415 2500 quibus
1460 2425 1524 2481 in
1567 2423 1713 2483 locis
1759 2429 2158 2499 procreantur.
2242 2475 2246 2483 .

436 2708 463 2755 1
503 2700 811 2770 ponticam:
848 2699 1132 2769 pumicam
1166 2718 1207 2754 ω
1240 2701 1407 2770 (unde
1442 2699 1602 2770 vulyo
1638 2699 1926 2768 punicam,
1965 2701 2110 2768 quod
2147 2703 2310 2770 apud

293 2789 472 2827 omnes
506 2774 703 2841 ubique
738 2779 985 2827 auctores
1018 2773 1301 2826 delendum
1337 2777 1439 2825 est.-
1483 2771 1553 2837 cf.
1587 2770 1780 2824 Theod.
1812 2771 1984 2824 Prisc.
2015 2787 2078 2838 p.
2108 2773 2252 2840 501).

296 2849 327 2896 3
367 2860 401 2896 a
434 2841 709 2912 proximo:
750 2859 784 2896 a
815 2841 994 2912 primo
1022 2861 1075 2897 x.
1110 2845 1120 2911 Ι
1152 2840 1504 2896 calfaciundo
1532 2859 1588 2894 ω.
1617 2842 1636 2908 ΙΙ
1662 2844 1697 2891 4
1735 2841 1928 2908 atque:
1965 2840 2176 2908 fiatque
2204 2860 2258 2897 x.

297 2919 329 2966 5
366 2913 667 2982 linteisque
711 2913 865 2983 puris
914 2913 1135 2983 (Plin.)=
1182 2911 1506 2980 cunctisque
1550 2909 1726 2979 pluris
1762 2928 1816 2965 ω.
1878 2911 1886 2981 Ι
1943 2909 2051 2966 uti:
2098 2914 2162 2965 ut
2199 2912 2251 2967 S.

296 2990 328 3037 6
367 2984 557 3055 gnosis
594 3002 649 3040 x.
702 2987 721 3053 ΙΙ
777 2990 805 3038 7
844 2983 1101 3053 pum-icae
1138 2985 1280 3055 (-cee
1316 2983 1458 3050 EG)
1495 2998 1551 3035 ω.
1597 2983 1615 3050 ΙΙ
1660 2986 1692 3034 8
1729 2981 1971 3036 labendo
2007 3000 2061 3036 ω.
2107 2985 2126 3051 ΙΙ
2171 2989 2236 3035 11
2277 3000 2308 3037 0

296 3073 396 3112 om.
433 3074 489 3111 ω.
519 3058 539 3125 ΙΙ
567 3062 631 3109 12
671 3071 769 3109 eae
797 3057 877 3123 Η,
916 3072 979 3128 ee
1009 3055 1198 3124 S'(G⁰):
1237 3055 1341 3110 1100
1372 3052 1444 3119 G,
1478 3052 1583 3126 hee
1612 3053 1684 3106 Ε.
1713 3057 1731 3123 ΙΙ
1761 3058 1826 3106 14
1862 3051 2153 3107 minimum
2180 3054 2256 3107 H.
2286 3054 2308 3126 ΙΙ

299 3132 364 3180 15
401 3126 720 3181 faciendum
747 3126 812 3180 H
819 3127 946 3182 SE:
984 3125 1163 3179 -undfi
1193 3125 1257 3178 G.
1286 3126 1307 3193 ΙΙ
1336 3128 1401 3176 16
1433 3126 1538 3192 (17.
1572 3126 1657 3192 18)
1685 3123 1897 3178 lamina
1926 3125 1996 3178 Ε.
2031 3125 2040 3194 Ι
2070 3123 2305 3194 inpona-

297 3198 390 3250 tur
416 3199 485 3252 H
494 3199 545 3253 G
580 3197 813 3267 (imponi
841 3199 951 3267 E):
991 3197 1309 3266 adponatur
1334 3195 1379 3249 S
1411 3195 1745 3264 (apponatur
1777 3197 1884 3266 G'ss).
1926 3198 1946 3265 ΙΙ
1987 3201 2052 3248 18
2089 3194 2218 3266 igne
2247 3195 2312 3249 E

297 3270 498 3340 (solus).
545 3270 565 3338 ΙΙ
610 3275 676 3323 19
716 3269 765 3321 81
793 3269 937 3325 EG:
977 3286 1076 3324 om.
1107 3268 1176 3321 H
1181 3266 1235 3321 S.
1282 3268 1301 3335 ΙΙ
1347 3271 1414 3318 20
1450 3265 1781 3334 probabitur
1806 3267 1949 3322 EG:
1989 3265 2098 3319 -bit
2125 3266 2309 3342 ΗΒΕΙΙ

300 3361 367 3408 22
414 3355 788 3425 chryssocolla
825 3357 894 3411 H
934 3355 1162 3426 (chi-iso·
1202 3355 1345 3421 GE,
1401 3336 1570 3409 (11180-
1608 3354 1690 3423 S).
1747 3357 1765 3424 ΙΙ
1819 3361 1886 3408 23
1929 3353 2005 3408 is:
2047 3353 2150 3428 ¹his
2194 3373 2248 3410 ω.

303 3432 370 3480 24
420 3427 667 3497 proxime
724 3428 789 3482 G.
850 3429 859 3499 Ι
920 3426 1251 3482 armenium:
1314 3425 1553 3479 minium
1604 3443 1646 3480 x
1698 3426 2014 3495 (argentum
2067 3425 2250 3495 Fau).

302 3501 369 3550 25
396 3497 713 3552 nominibus
734 3499 795 3552 E
804 3499 878 3554 G:
907 3498 1225 3552 inomnibus
1246 3497 1315 3551 H
1317 3497 1372 3552 S.
1407 3497 1416 3570 Ι
1448 3499 1807 3567 procreantur
1826 3497 1905 3552 E:
1934 3499 2087 3552 -atur
2115 3497 2316 3554 ΗΕΘ..

408 3595 609 3636 Vri-But
639 3596 695 3636 de
724 3597 958 3637 architect.
992 3597 1060 3636 ed.
1094 3597 1249 3638 Bose.
1889 3591 1952 3640 12
