2664 3927
789 151 887 204 DE
924 149 1482 205 ARCHITECTURA
1517 148 1650 204 LIB.
1688 149 1756 218 11,
1798 156 1825 202 1
2232 149 2317 214 35

228 313 288 364 (5)
309 305 504 364 cetera
533 293 544 383 Ι
576 300 858 367 animalia
895 301 1000 360 sub
1038 302 1352 376 potestate,
1388 302 1531 360 tunc
1557 319 1695 359 vero
1726 319 1796 359 ex
1831 298 2318 359 fabricationibus

302 390 708 466 „aedificiorum
752 390 1050 466 gradatim
1093 389 1390 467 progressi
1438 390 1513 448 ad
1558 392 1781 449 ceteras
1830 391 1987 448 artes
2034 391 2095 448 et
2148 389 2317 448 disci-

303 479 526 555 plinas,
575 499 605 537 e
650 480 778 538 fera
823 477 1158 555 agrestique
1202 477 1332 536 vita
1378 478 1456 536 ad
1498 471 1873 538 mansuetam
1920 477 2319 553 perduxerunt

306 568 754 628 humanitatem.
844 570 976 627 tum
1034 569 1234 625 autem
1287 567 1644 626 instruentes
1692 566 1889 626 animo
1938 583 1998 626 se
2046 569 2107 625 et
2151 585 2315 641 epro-

254 674 280 715 5
307 656 620 732 spicientes
681 654 1002 716 maioribus
1076 655 1535 732 cogitationibus
1600 674 1669 714 ex
1732 654 2023 714 varietate
2096 655 2318 713 artium

199 752 287 804 (10)
306 745 490 819 natis,
543 765 663 805 non
718 762 882 804 casas
929 743 1034 802 sed
1077 743 1259 802 etiam
1299 738 1307 821 Ι
1349 744 1552 804 domos
1596 743 1879 802 fundatas
1931 747 1992 802 et
2034 743 2317 802 latericiis

304 833 630 909 parietibus
704 835 810 892 aut
873 851 904 892 e
966 830 1163 907 lapide
1235 835 1490 891 structas
1562 832 1929 907 materiaque
1994 835 2054 890 et
2114 832 2319 908 tegula

307 925 496 985 tectas
523 920 800 997 perficere
834 923 1167 996 coeperunt,
1205 919 1413 980 deinde
1452 920 1957 981 observationibus
1986 920 2319 979 studiorum

305 1030 337 1070 e
383 1009 738 1088 vagantibus
791 1008 1027 1068 iudiciis
1083 1013 1144 1068 et
1195 1007 1436 1067 incertis
1482 1009 1559 1072 ad
1604 1013 1794 1068 certas
1840 1009 2318 1084 symmetriarum

226 1116 280 1156 ιο
304 1099 709 1175 perduxerunt
759 1097 1037 1156 rationes
1135 1099 1525 1172 posteaquam
1584 1098 2131 1158 animadverterunt
2183 1117 2316 1175 pro-

197 1195 286 1247 (15)
304 1188 467 1246 fusos
531 1204 654 1245 esse
715 1189 922 1262 partus
987 1185 1061 1244 ab
1124 1188 1341 1244 natura
1402 1186 1686 1244 materiae
1751 1189 1811 1244 et
1874 1178 2319 1268 abunfldantiam

305 1275 610 1350 copiarum
663 1280 738 1334 ad
793 1273 1230 1334 aedificationes
1275 1272 1350 1333 ab
1399 1293 1469 1332 ea
1523 1277 1952 1350 comparatam,
2005 1275 2317 1334 tractando

307 1363 646 1433 nutrierunt
699 1366 760 1422 et
813 1367 1050 1425 auctam
1110 1382 1218 1439 per
1271 1366 1428 1424 artes
1494 1365 1855 1425 ornaverunt
1908 1363 2317 1438 voluptatibus

306 1452 664 1529 elegantiam
697 1452 874 1511 vitae.
956 1451 1145 1528 igitur
1190 1452 1260 1510 de
1305 1450 1398 1510 his
1444 1451 1618 1510 rebus
1665 1470 1820 1527 quae
1866 1454 2006 1510 sunt
2048 1451 2113 1509 in
2159 1451 2316 1511 aedi-

225 1557 278 1598 15
303 1541 454 1600 ficiis
509 1541 586 1600 ad
638 1559 814 1602 usum
861 1541 1108 1602 idoneae
1121 1586 1135 1614 ,
1190 1539 1407 1615 quibus
1452 1540 1575 1600 sint
1620 1539 2013 1618 qualitatibus
2061 1543 2123 1598 et
2168 1558 2317 1614 quas

303 1630 564 1700 habeant
606 1629 856 1690 virtutes
903 1633 971 1690 ut
1013 1632 1261 1704 potuero
1308 1629 1517 1688 dicam.

199 1726 286 1778 (2⁰)
439 1710 590 1799 ISed
643 1718 695 1778 si
748 1717 856 1794 qui
901 1719 972 1780 de
1019 1717 1222 1778 ordine
1275 1717 1454 1778 huius
1508 1717 1645 1779 libri
1691 1717 1997 1793 disputare
2040 1717 2317 1792 voluerit,

305 1807 464 1882 quod
505 1807 812 1882 putaverit
856 1825 990 1866 eum
1033 1805 1294 1882 primum
1343 1807 1578 1866 institui
1629 1805 1975 1881 oportuisse,
2019 1825 2093 1866 ne
2148 1809 2321 1881 putet

303 1914 398 1953 me
463 1895 748 1957 erravisse
814 1894 897 1954 sio
959 1895 1204 1954 reddam
1264 1894 1573 1956 rationem.
1674 1914 1807 1958 cum
1862 1911 2075 1972 corpus
2131 1895 2317 1954 archi-

225 2000 280 2041 so
303 1985 570 2043 tecturae
613 1983 953 2058 scriberem,
1005 1984 1198 2059 primo
1244 1984 1546 2044 volumine
1599 1984 1815 2060 putavi
1866 1984 2081 2060 quibus
2127 1985 2319 2045 erudi-

305 2071 569 2131 tionibus
617 2074 678 2131 et
723 2071 1050 2147 disciplinis
1097 2075 1250 2135 esset
1295 2077 1507 2135 ornata
1554 2092 1842 2149 exponere
1879 2073 2165 2149 finireque
2201 2076 2317 2134 ter-

196 2170 286 2223 (²⁵>
303 2160 726 2222 niinationibus
767 2156 776 2238 Ι
816 2160 942 2219 eius
996 2161 1218 2237 species
1264 2165 1323 2220 et
1378 2181 1410 2220 e
1466 2162 1685 2238 quibus
1737 2162 1910 2221 rebus
1967 2165 2122 2221 esset
2174 2166 2319 2223 nata

304 2249 512 2309 dicere.
601 2249 809 2324 itaque
865 2248 1010 2325 quid
1063 2252 1339 2325 oporteat
1391 2269 1516 2310 esse
1559 2250 1624 2312 in
1670 2251 2011 2325 architectO,
2053 2250 2139 2309 ibi
2182 2270 2317 2325 pro-

303 2336 590 2397 nuntiavi.
682 2356 822 2414 ergo
876 2338 941 2397 in
996 2338 1189 2414 primo
1243 2334 1451 2417 <dixi>
1506 2340 1577 2403 de
1623 2339 1770 2399 artis
1818 2339 2038 2414 officio,
2090 2340 2155 2398 in
2204 2340 2319 2400 hoc

223 2444 276 2487 25
304 2428 375 2493 de
420 2426 794 2489 naturalibus
837 2426 1123 2497 materiae
1167 2427 1342 2488 rebus
1390 2447 1567 2503 quem
1610 2427 1870 2489 habeant
1905 2446 2081 2488 usum
2120 2427 2316 2504 dispu-

302 2515 462 2586 tabo.
553 2534 808 2591 namque
853 2514 950 2575 hic
993 2515 1144 2573 liber
1187 2535 1306 2575 non
1360 2516 1673 2591 profitetur
1716 2516 1873 2575 unde
1920 2517 2319 2577 architectura

197 2610 272 2670 37
303 2608 597 2680 nascatur,
643 2604 745 2663 sed
789 2603 944 2663 unde
991 2604 1245 2681 origines
1294 2597 1717 2687 aedifilciorum
1752 2605 1874 2665 sint
1907 2606 2222 2665 institutae
2260 2610 2320 2666 et

304 2693 517 2769 quibus
562 2691 892 2752 rationibus
939 2692 1234 2753 enutritae
1271 2696 1331 2752 et
1366 2712 1712 2771 progressae
1750 2693 1871 2753 sint
1905 2694 2205 2771 gradatim
2242 2695 2318 2755 ad

301 2781 455 2840 hanc
506 2781 849 2840 finitionem.
943 2800 1082 2858 ergo
1135 2781 1224 2840 ita
1279 2800 1385 2842 suo
1433 2782 1635 2841 ordine
1684 2785 1745 2841 et
1798 2783 1928 2842 loco
1978 2782 2156 2842 huius
2203 2783 2317 2842 erit

223 2888 277 2929 so
301 2869 625 2929 voluminis
671 2868 1032 2929 constitutio.

446 3151 473 3198 1
514 3161 602 3199 ex:
643 3145 690 3199 ἃ,
715 3146 794 3215 (et
824 3144 897 3214 G)
931 3164 987 3201 x.
1015 3148 1095 3215 114
1130 3146 1252 3198 tum
1282 3144 1415 3200 HS:
1452 3147 1587 3199 tunc
1620 3146 1685 3201 G.
1720 3150 1728 3213 Ι
1761 3149 1880 3216 e(ae
1910 3153 2035 3201 ante
2062 3162 2169 3201 raa
2202 3146 2313 3215 Η)-

300 3231 430 3287 pros
472 3216 704 3271 icienteu
739 3234 781 3271 x
817 3214 1315 3299 (En—:prospicientes
1346 3216 1445 3285 8⁰).
1491 3220 1509 3288 ΙΙ
1554 3222 1586 3270 8
1623 3218 1804 3271 tectas
1835 3219 1909 3272 G:
1952 3218 2106 3271 tecta
2134 3214 2259 3270 HS.
2295 3216 2316 3289 Η

304 3292 366 3340 11
395 3304 430 3341 a
495 3290 702 3353 natura
727 3288 1021 3343 materiae:
1053 3286 1124 3341 ab
1153 3289 1389 3341 naturae
1416 3286 1656 3343 materia
1676 3290 1753 3357 H,
1779 3287 1832 3342 Ξῖ-
1857 3290 2057 3360 nature
2076 3287 2317 3341 materia

302 3358 359 3425 S,
392 3360 594 3431 nature
633 3358 944 3425 admaterifi.
975 3357 1164 3428 (405³).
1198 3357 1205 3428 Ι
1239 3358 1561 3413 abundante
1598 3377 1653 3415 x.
1692 3361 1710 3429 ΙΙ
1750 3364 1815 3411 12
1854 3358 2140 3427 copiarum
2166 3359 2234 3412 H
2265 3366 2315 3412 et

302 3430 446 3497 (ame
472 3432 605 3500 ras.)
635 3429 697 3485 S:
737 3429 898 3499 copia
927 3430 1112 3499 605¹).
1143 3432 1162 3500 ΙΙ
1191 3434 1256 3483 15
1295 3428 1499 3497 quibus
1538 3429 1675 3491 sint:
1714 3429 2027 3499 quibusque
2065 3430 2196 3487 sunt
2219 3447 2273 3483 x.
2295 3431 2315 3501 Η

306 3504 374 3551 24
413 3499 529 3553 dixi
565 3517 665 3569 om.
693 3518 748 3555 x.
786 3503 805 3570 ΙΙ
840 3506 908 3554 27
947 3503 1078 3555 sunt
1112 3519 1167 3556 ω.
1205 3502 1223 3570 ΙΙ
1261 3506 1327 3554 29
1366 3499 1451 3555 ita
1485 3518 1584 3559 om.
1615 3497 1668 3561 S.

1924 3587 1993 3641 3*

2354 1733 2387 1782 8

2352 2798 2383 2845 9
