2664 3927
337 184 462 248 132
1176 181 1507 236 VITRUVII

330 334 584 410 posteris
631 353 729 394 ero
775 337 970 393 notuS.
1041 351 1234 409 neque
1273 339 1364 390 est
1399 331 1736 391 mirandum
1773 331 1916 407 quid
1961 331 2051 390 ita
2086 331 2359 408 pluribus

333 425 444 482 sim
489 424 747 501 ignotus,
823 422 1003 482 ceteri
1050 421 1359 480 architecti
1404 424 1621 497 rogant
1656 424 1718 480 et
1754 420 2026 480 ambiunt
2060 422 2131 478 ut
2167 421 2357 479 archi·
2630 432 2632 490 ι

331 517 643 588 tectentur,
688 512 838 570 mihi
883 512 1084 570 autem
1129 529 1166 570 a
1210 509 1694 586 praeceptoribus
1732 513 1823 570 est
1856 510 2149 568 traditum
2183 528 2359 587 roga·
2630 517 2632 528 '

331 607 462 662 turn
515 622 636 662 non
688 603 1003 679 rogantem
1057 602 1332 677 oportere
1396 599 1690 674 suscipere
1754 617 1983 673 curam,
2047 597 2207 675 quod
2267 598 2360 657 in-

332 709 562 768 genuus
619 691 781 750 color
833 691 1109 749 movetur
1152 687 1379 764 pudore
1430 686 1685 763 petendo
1727 683 1735 767 Ι
1775 707 1902 747 rem
1954 687 2499 764 suspiciosam.6(15)

331 799 472 838 nam
514 778 866 839 beneficium
911 778 1120 836 dantes
1174 797 1294 837 non
1351 777 1708 853 accipientes
1754 777 2120 836 ambiuntur.
2212 777 2363 853 quid

331 869 490 927 enim
523 870 800 944 putemus
839 867 1127 943 suspicari
1166 867 1270 943 qui
1304 869 1551 944 rogetur
1586 865 1658 926 de
1694 866 2056 942 patrimonio
2086 869 2361 942 sumptus

330 956 631 1016 faciendos
689 957 1056 1016 committere
1111 956 1345 1033 gratiae
1399 955 1683 1031 petentiS,
1738 954 1855 1013 nisi
1899 954 2155 1030 praedae
2202 973 2359 1015 com-

332 1045 654 1121 pendiique
701 1045 828 1104 eius
876 1063 1054 1104 causa
1098 1045 1324 1105 iudicet
1369 1042 1757 1102 faciundum?
1847 1043 2055 1120 itaque
2101 1044 2358 1102 maiores
2634 1044 2636 1182 Ι

330 1135 593 1209 primum
638 1153 675 1193 a
720 1152 932 1212 genere
977 1133 1247 1210 probatis
1292 1152 1537 1209 operam
1590 1132 1909 1191 tradebant
1948 1127 1957 1210 Ι
1999 1132 2527 1208 architectiS,1⁰(2⁰)
2634 1185 2636 1196 ε

331 1222 539 1281 deinde
579 1223 944 1299 quaerebant
980 1223 1032 1282 si
1066 1225 1312 1283 honeste
1342 1224 1538 1282 essent
1566 1220 1817 1297 educati,
1851 1221 2113 1298 ingenuo
2141 1220 2359 1297 pudori
2634 1203 2636 1228 ¹

331 1330 451 1370 non
497 1312 782 1370 audaciae
825 1312 1238 1388 protervitatis
1285 1310 1777 1370 committendum
1821 1310 2168 1369 iudicantes,
2242 1310 2361 1386 ipsi
2636 1350 2638 1436 4

330 1405 534 1460 autem
581 1401 834 1460 artifices
873 1419 993 1459 non
1033 1399 1385 1459 erudiebant
1419 1399 1535 1458 nisi
1572 1417 1708 1458 suos
1745 1399 1962 1458 liberos
2001 1402 2107 1459 aut
2142 1417 2359 1476 cogna-

329 1495 424 1549 tos
461 1493 524 1549 et
561 1495 660 1548 eos
693 1490 852 1548 viros
889 1489 1075 1549 bonos
1111 1487 1527 1562 instituebant,
1564 1487 1782 1563 quibus
1818 1491 2124 1547 tantarum
2160 1507 2360 1546 rerum

326 1579 470 1638 fides
517 1579 642 1637 sine
684 1577 1056 1636 dubitatione
1098 1577 1560 1652 permitteretur.
2388 1599 2440 1638 15

465 1661 472 1750 Ι
505 1666 655 1726 Cum
700 1669 903 1725 autem
947 1664 1357 1725 animadverto
1405 1664 1479 1724 ab
1516 1665 1771 1724 indoctis
1810 1669 1869 1724 et
1904 1664 2177 1741 inperitis
2214 1668 2349 1725 tan-
2372 1677 2463 1730 (2⁵)
2638 1654 2640 1732 !

327 1761 424 1815 tae
489 1755 839 1831 disciplinae
902 1753 1381 1832 magnitudinem
1442 1753 1655 1814 iactari
1721 1758 1781 1813 et
1835 1754 1910 1813 ab
1965 1755 2017 1814 is
2073 1755 2177 1830 qui
2234 1774 2358 1815 non
2638 1763 2640 1826 ᾗ

327 1844 503 1903 modo
543 1841 745 1921 (non)
793 1843 1224 1902 architecturae
1269 1843 1375 1902 sed
1419 1842 1659 1903 omnino
1705 1863 1779 1902 ne
1816 1842 2076 1903 fabricae
2116 1843 2357 1920 quidem

328 1933 607 1993 notitiam
651 1932 892 2009 habent,
937 1951 1057 1992 non
1102 1951 1347 2009 possum
1390 1952 1511 1993 non
1555 1932 1801 1992 laudare
1846 1935 2047 2009 patres
2096 1933 2356 1993 familia·

327 2042 460 2079 rum
515 2040 613 2082 eos
671 2022 774 2097 qui
827 2023 1205 2081 litteraturae
1249 2021 1467 2081 fiducia
1513 2022 1846 2081 confirmati
1890 2042 1999 2097 per
2043 2040 2105 2082 se
2151 2023 2353 2082 aedifi·
2384 2046 2437 2084 20

333 2113 534 2169 cantes
580 2112 668 2169 ita
712 2110 999 2185 iudicant,
1045 2110 1097 2170 si
1137 2106 1146 2189 Ι
1184 2110 1461 2187 inperitis
1507 2111 1587 2169 sit
1632 2110 2145 2187 committendum,
2190 2112 2354 2187 ipsos
2374 2122 2497 2177 134

329 2200 531 2275 potius
569 2198 867 2275 digniores
907 2218 1031 2258 esse
1068 2200 1143 2257 ad
1181 2218 1353 2259 suam
1377 2201 1751 2260 voluntatem
1783 2219 1963 2276 quam
1992 2200 2068 2257 ad
2097 2200 2357 2260 alienam

329 2288 615 2365 pecuniae
663 2306 1005 2347 consumere
1053 2307 1363 2347 summam.
1452 2288 1658 2365 itaque
1713 2307 1885 2348 nemo
1933 2291 2123 2349 artem
2166 2290 2356 2348 ullam

327 2377 510 2435 aliam
569 2380 817 2435 conatur
871 2376 1032 2436 domi
1085 2379 1307 2453 facere,
1362 2377 1457 2435 uti
1502 2378 1795 2437 sutrinam
1846 2378 2196 2437 fullonicam
2246 2382 2355 2438 aut

328 2486 397 2523 ex
455 2465 665 2524 ceteris
722 2484 874 2541 quae
929 2468 1072 2525 sunt
1115 2466 1429 2542 facilioreS,
1472 2458 1479 2547 Ι
1520 2466 1636 2525 nisi
1682 2467 2165 2543 architecturam,
2218 2467 2352 2527 ideo
2364 2480 2495 2531 85(5)

331 2554 488 2630 quod
534 2555 638 2630 qui
684 2554 1039 2631 profitentur
1082 2574 1202 2614 non
1257 2558 1387 2614 arte
1433 2574 1574 2615 vera
1620 2556 1724 2614 sed
1766 2556 1921 2614 falso
1967 2556 2355 2616 nominantur

329 2644 656 2703 architecti.
750 2663 896 2719 quas
953 2643 1027 2702 ob
1079 2663 1174 2703 res
1231 2663 1443 2720 corpus
1498 2644 1926 2703 architecturae
1971 2645 2352 2721 rationesque

327 2734 455 2793 eius
501 2734 713 2809 putavi
750 2733 1201 2811 diligentissime
1239 2733 1704 2808 conscribendaS‚
1750 2732 1999 2809 opinans
2036 2734 2100 2792 id
2134 2753 2351 2793 munus

327 2822 600 2881 omnibus
647 2822 920 2899 gentibus
966 2840 1086 2880 non
1131 2823 1439 2899 ingratum
1484 2823 1773 2881 futurum.
1844 2822 2034 2899 igitur
2069 2824 2352 2899 quoniam

323 2912 385 2969 in
433 2911 642 2987 quinto
681 2912 750 2969 de
791 2911 1240 2986 opportunitate
1276 2912 1678 2970 communium
1714 2902 1980 2993 op02m
2016 2912 2351 2988 perscripsi,
2362 2926 2416 2966 30
2428 2924 2521 2976 (ιο)

468 3122 494 3168 1
544 3132 642 3169 cur
695 3114 778 3167 ita
834 3114 939 3168 sim
992 3115 1248 3185 pluribus
1295 3114 1523 3183 ignotus
1562 3116 1615 3171 S.
1672 3119 1691 3185 ΙΙ
1745 3123 1776 3168 2
1828 3116 2127 3186 ambigunt
2161 3116 2226 3170 H
2234 3117 2289 3171 S.
2336 3119 2343 3189 Ι

323 3185 701 3241 architentent
729 3186 807 3252 H,
837 3187 1074 3240 -tectent
1103 3186 1286 3243 SEG.
1318 3188 1337 3255 ΙΙ
1366 3192 1397 3240 8
1425 3187 1633 3255 pet(a&
1660 3186 1910 3256 H)entes
1938 3206 1991 3242 x.
2024 3190 2041 3257 ΙΙ
2071 3193 2102 3241 9
2132 3186 2345 3242 faciun-

323 3257 456 3310 dum
484 3258 553 3311 H
557 3257 600 3311 S
609 3280 621 3312 ε
659 3256 891 3310 -endum
920 3258 981 3311 E
991 3258 1054 3311 G.
1099 3258 1118 3326 ΙΙ
1162 3262 1229 3311 10
1264 3257 1590 3312 tradebant:
1632 3258 1849 3313 dabant
1882 3258 1933 3312 S.
1964 3261 1982 3328 ΙΙ
2012 3264 2075 3312 11
2116 3258 2344 3328 ingenio

324 3328 393 3380 E.
423 3330 442 3396 ΙΙ
472 3334 535 3381 12
563 3327 999 3397 permittendum
1028 3329 1081 3383 S.
1111 3332 1130 3398 ΙΙ
1160 3333 1225 3381 15
1254 3327 1387 3381 fidei
1424 3328 1696 3398 pecuniae
1735 3346 1775 3385 s.
1808 3329 1859 3384 d.
1890 3329 2350 3399 permitterentur

322 3413 362 3449 x
400 3400 514 3464 (ubi
557 3400 788 3468 ylossam
799 3441 816 3467 ,
862 3416 930 3453 ex
964 3417 1011 3453 v.
1049 3402 1149 3464 23,
1202 3399 1477 3468 pecuniae
1527 3401 1746 3467 delevit,
1799 3402 2015 3469 reliqua
2068 3407 2131 3455 ut
2175 3418 2350 3469 supra

323 3470 554 3521 mutavit
574 3470 1084 3540 Meiller-Strvzbiny.
1114 3473 1132 3539 ΙΙ
1163 3475 1226 3522 17
1247 3469 1322 3524 is:
1361 3469 1449 3524 his
1477 3488 1533 3525 ω.
1561 3472 1579 3540 ΙΙ
1609 3477 1675 3524 18
1704 3472 1936 3526 alterum
1970 3488 2083 3525 non
2114 3488 2212 3526 om.
2243 3489 2298 3525 ω.
2330 3472 2349 3544 ΙΙ

325 3538 392 3586 28
429 3535 489 3587 id
525 3554 747 3593 munus:
785 3558 845 3593 1n
881 3557 1080 3594 munus
1110 3541 1178 3594 H
1183 3541 1238 3607 S,
1276 3540 1559 3613 inlmunus
1592 3543 1683 3611 Ge,
1717 3560 1979 3596 mmunus
2011 3543 2079 3595 Ε.
