2664 3927
796 175 891 229 DE
929 172 1491 231 Aaomrnc'rnRA
1524 175 1658 231 ms.
1695 176 1737 246 1,
1778 184 1806 230 1
2265 178 2306 242 3

292 324 494 386 confisi
547 326 808 402 fuerant,
863 324 1134 385 umbram
1188 343 1306 385 non
1350 344 1477 385 rem
1520 326 1814 402 persecuti
1858 326 2151 387 videntur.
2242 331 2309 389 at

291 415 397 491 qui
459 416 781 490 utrumque
848 413 1316 491 perdidicerunt,
1380 414 1473 474 uti
1534 414 1803 475 omnibus
1868 415 2047 475 armis
2112 416 2307 477 ornati

288 502 460 563 citius
509 522 642 563 cum
687 503 1044 563 auctoritate
1081 503 1242 579 quod
1284 504 1404 562 fuit
1438 504 1811 580 propositum
1846 508 1990 564 sunt
2024 505 2306 567 adsecuti.

196 603 258 655 (⁵)
287 611 422 652 cum
457 592 524 651 in
562 592 833 651 omnibus
872 591 1031 650 enim
1063 591 1256 667 rebus,
1299 595 1433 651 tum
1464 584 1473 675 Ι
1502 592 1759 653 maxime
1796 593 1980 652 etiam
2014 593 2079 653 in
2116 594 2303 655 archi-
2340 612 2373 661 3

231 700 257 742 5
283 684 517 741 tectura
561 683 708 741 haec
751 680 870 739 duo
915 680 1134 756 insunt,
1179 680 1339 757 quod
1386 681 1757 760 significatur
1800 685 1862 743 et
1905 682 2068 759 quod
2119 683 2301 761 signi·

283 770 440 831 ficat.
551 769 922 847 significatur
983 769 1290 845 proposita
1360 788 1454 830 res
1517 770 1590 830 de
1655 790 1777 847 qua
1838 771 2081 848 dicitur,
2150 772 2303 833 hanc

257 862 485 919 'autem
541 858 840 935 significat
892 856 1317 941 demonstratio
1372 858 1703 920 rationibus
1758 860 2180 937 doctrinarum,
2208 880 2305 921 ex-

283 947 524 1024 plicata.
635 964 818 1047 quare
880 945 1116 1005 videtur
1164 938 1432 1022 'utraque
1502 952 1673 1025 parte
1746 950 2103 1010 exercitatus
2177 969 2304 1011 esse

287 1036 498 1095 debere
547 1035 653 1111 qui
698 1054 759 1094 se
805 1034 1196 1094 architectum
1239 1034 1605 1111 profiteatur.
1684 1038 1890 1115 itaque
1938 1058 2075 1098 eum
2121 1039 2305 1099 efiam

203 1147 257 1187 1o
290 1118 696 1225 {ingeniosum
731 1126 996 1227 oportet
1001 1142 1126 1183 esse
1159 1125 1222 1183 et
1257 1124 1335 1183 ad
1372 1124 1745 1202 disciplinam
1781 1126 2047 1187 docilem.
2111 1148 2303 1205 neque

285 1212 446 1273 enim
489 1212 794 1291 ingenium
838 1202 965 1275 sine
1012 1212 1326 1288 disciplina
1374 1215 1483 1271 aut
1526 1212 1839 1291 disciplina
1883 1216 2009 1276 sine
2062 1216 2303 1293 ingenio

284 1302 616 1379 perfectum
669 1302 955 1361 artificem
1009 1304 1211 1378 potest
1265 1302 1513 1360 efficere.
1613 1305 1676 1361 et
1726 1304 1798 1361 ut
1848 1304 2150 1365 litteratus
2206 1305 2304 1382 sit,

285 1390 512 1467 peritus
558 1390 894 1469 graphidoS,
941 1390 1210 1450 eruditus
1255 1390 1602 1468 geometria,
1646 1390 1925 1450 historias
1972 1395 2301 1469 complures

283 1480 541 1556 noverit,
597 1480 981 1556 philosophos
1036 1479 1354 1558 diligenter
1408 1478 1691 1556 audierit,
1746 1480 2037 1539 musicam
2089 1482 2303 1559 scierit,

203 1590 254 1631 15
279 1568 608 1629 medicinae
648 1564 657 1648 Ι
697 1588 819 1629 11011
863 1568 945 1629 sit
979 1568 1240 1646 ignarus,
1283 1586 1570 1645 responsa
1604 1568 2165 1629 iurisconsultorum
2200 1589 2302 1631 no·

280 1659 454 1734 verit,
500 1658 893 1735 astrologiam
937 1656 1207 1733 caelique
1251 1658 1516 1717 rationes
1562 1658 1833 1736 cognitas
1876 1658 2112 1718 habeat.
2238 1661 2240 1663 ’

415 1746 582 1816 Quae
635 1766 742 1807 cur
794 1746 885 1805 ita
938 1746 1062 1806 sint
1111 1746 1258 1805 haec
1313 1750 1452 1806 sunt
1506 1764 1738 1806 causae.
1827 1746 2063 1807 litteras
2110 1750 2297 1807 archi·
2336 1766 2371 1813 4

282 1838 510 1895 tectum
536 1835 684 1913 scire
717 1837 971 1912 oportet,
1006 1834 1104 1894 uti
1139 1835 1577 1895 commentariis
1604 1836 1953 1895 memoriam
1981 1836 2303 1897 firmiorem

287 1924 516 1984 efficere
569 1924 774 2000 possit.
873 1923 1084 1984 deinde
1139 1924 1459 2002 graphidos
1516 1924 1827 1985 scientiam
1880 1925 2123 2002 habere,
2184 1946 2300 2003 quo

205 2034 260 2074 ao
286 2013 522 2072 facilius
565 2007 572 2090 Ι
614 2013 1046 2090 exemplaribus
1109 2013 1284 2088 pictis
1351 2032 1531 2089 quam
1584 2015 1733 2074 velit
1797 2015 1989 2091 operis
2045 2017 2303 2091 speciem

285 2101 616 2161 deformare
651 2102 869 2161 valeat.
951 2103 1278 2179 geometria
1324 2105 1525 2162 autem
1568 2103 1745 2179 plura
1787 2104 2087 2182 praesidia
2130 2123 2299 2180 prae-

285 2193 408 2251 stat
453 2190 911 2265 architecturae,
966 2194 1026 2250 et
1078 2191 1339 2267 primum
1388 2210 1461 2251 ea
1505 2193 1946 2270 euthygrammi
1991 2196 2052 2253 et
2097 2193 2303 2253 circini

282 2278 472 2340 tradit
516 2297 722 2354 usum,
768 2299 800 2337 e
847 2297 962 2355 quo
1011 2280 1266 2340 maxime
1311 2280 1549 2340 facilius
1594 2281 1993 2341 aedificiorum
2036 2281 2101 2340 in
2147 2283 2300 2342 areis

286 2369 681 2445 expediuntur
726 2367 1148 2445 descriptiones
1195 2387 1657 2446 normarumque
1701 2373 1764 2429 et
1806 2369 2197 2430 librationum
2240 2375 2303 2431 et

215 2449 252 2504 4
287 2458 580 2518 linearum
633 2448 1019 2539 directiolnes.
1115 2457 1264 2517 item
1315 2477 1424 2534 per
1478 2458 1713 2534 opticen
1766 2459 1831 2517 in
1888 2459 2169 2519 aedificiis
2224 2461 2301 2520 ab

208 2567 258 2608 26
289 2547 463 2606 certis
507 2544 848 2624 regionibus
895 2545 1046 2606 caeli
1087 2546 1317 2606 lumina
1360 2550 1521 2606 recte
1566 2547 1875 2606 ducuntur.
1963 2567 2071 2624 per
2116 2548 2299 2609 arith-

284 2635 539 2695 meticen
590 2655 732 2695 vero
789 2637 1056 2711 sumptus
1113 2635 1516 2696 aedificiorum
1569 2641 2077 2712 consummantur,
2136 2657 2297 2697 men-

289 2743 559 2783 surarum
611 2723 874 2784 rationes
929 2724 1326 2801 explicantur,
1383 2724 1767 2801 difficilesque
1823 2725 2299 2800 symmetriarum

208 2825 268 2876 (5)
287 2813 662 2890 quaestiones
684 2813 1058 2891 geometricis
1084 2813 1414 2872 rationibus
1446 2805 1455 2896 Ι
1486 2816 1549 2874 et
1572 2813 1867 2873 methodis
1894 2813 2297 2874 inveniuntur.

427 3094 455 3142 1
495 3088 718 3142 fuerant
747 3089 799 3144 G
832 3089 1192 3158 (Eberhard):
1238 3087 1467 3142 fuerunt
1491 3088 1619 3144 HS.
1648 3092 1657 3160 Ι
1697 3095 1763 3144 10
1801 3088 2101 3172 disciplina
2129 3091 2222 3146 ΗΟ
2231 3090 2294 3171 S.

290 3175 386 3214 -na
422 3159 500 3226 Η,
539 3175 664 3213 ·nas
704 3160 771 3215 G.
808 3161 828 3228 fl
866 3165 928 3213 11
971 3161 1069 3214 aut
1105 3160 1250 3228 (ante
1284 3161 1446 3230 corr.)
1487 3177 1587 3215 om.
1692 3161 1745 3232 ,Ι
1778 3163 1879 3216 aut
1912 3161 2033 3216 sine
2068 3160 2294 3244 ingenio

289 3229 429 3285 disci
470 3229 588 3284 lina
627 3231 694 3286 G.
721 3232 742 3300 ΙΙ
771 3235 836 3283 13
873 3229 1179 3301 graphidos
1217 3228 1371 3284 HG·
1408 3229 1518 3284 -dis
1556 3230 1601 3287 S
1639 3234 1723 3302 (ut
1757 3250 1799 3287 x
1832 3250 1881 3288 v.
1912 3235 2005 3303 19)
2040 3239 2091 3287 et
2126 3234 2191 3286 in
2222 3249 2291 3286 m.

285 3300 391 3358 ide.
471 3299 856 3371 ascriptionib‚
890 3302 1138 3371 figuram
1165 3299 1257 3356 vel
1292 3299 1523 3384 picture
1549 3302 1618 3384 Sf
1652 3305 1671 3384 ΙΙ
1709 3309 1774 3357 17
1810 3303 1953 3357 haec
1980 3303 2061 3371 H,
2094 3302 2200 3384 hec
2228 3303 2291 3358 S.

285 3371 354 3442 he
395 3373 461 3428 G.
516 3374 535 3443 ΙΙ
589 3377 657 3426 22
696 3387 764 3426 ex
809 3371 1046 3444 euthy(·
1027 3390 1050 3426 1
1089 3372 1162 3443 G)
1229 3389 1429 3426 ammls
1475 3372 1668 3427 circini
1704 3387 1757 3428 x.
1895 3379 1963 3427 23
2001 3373 2147 3427 aeris
2184 3373 2238 3428 S.

287 3448 353 3496 24
390 3441 780 3514 descriptionis
818 3450 943 3499 ante
977 3460 1113 3499 corr.
1219 3445 1278 3513 ,ΙΙ
1306 3448 1375 3497 25
1414 3443 1675 3513 opthieen
1711 3445 1841 3513 HS,
1878 3443 2140 3516 optiohen
2180 3445 2246 3500 G.

287 3537 352 3586 26
390 3532 650 3587 dicuntur
690 3533 756 3588 G.
789 3535 800 3603 Ι
833 3531 1260 3588 arithmetichen
1299 3535 1340 3605 (-
1321 3515 1449 3588 -cen
1484 3533 1573 3600 Sc)
1608 3549 1662 3587 x

1907 3628 1935 3674 1
1948 3621 1976 3651 0
