2664 3927
395 193 474 246 IV

397 346 552 401 textu
619 344 746 416 ipso
809 343 934 402 sine
1002 343 1119 402 ullo
1181 359 1433 402 rasurae
1494 344 1727 416 vestiyio
1788 343 1957 402 habet
2017 344 2193 402 verba
2266 361 2420 416 quae

383 434 524 504 post
581 431 776 504 ipsum
837 432 1032 490 statim
1093 433 1283 504 operis
1344 432 1578 490 initium
1636 433 1703 489 in
1765 431 1952 490 codice
2009 433 2415 505 antiquissimo

398 519 498 592 (H
525 536 670 578 saec.
707 514 874 592 IX2)
909 521 1328 592 praetermissa
1372 523 1527 588 sunt,
1570 520 1797 592 reliqua
1842 523 2034 578 autem
2070 537 2219 593 quae
2254 521 2416 581 solus

393 609 648 666 servavit
693 605 1006 667 Gudianus
1054 606 1226 680 (saec.
1256 607 1363 666 XI
1370 603 1448 680 ²),
1504 624 1682 680 aeque
1736 609 1933 667 onmia
1988 608 2410 677 desiderantur,

391 697 512 755 nisi
545 697 697 770 quod
730 698 796 754 in
833 696 1022 755 eodem
1056 697 1178 769 fere
1202 698 1401 769 primo
1439 697 1582 755 libro
1608 697 1872 769 parvula
1908 698 2197 769 quaedam
2221 699 2415 757 verbis

391 787 515 844 iam
558 786 788 857 scriptis
831 786 954 857 ipse
998 785 1419 858 superaddidit,
1464 787 1765 858 utriusque
1795 787 2024 859 yeneris
2070 804 2109 845 a
2146 787 2412 845 librariis

378 876 589 946 postea
634 874 863 945 confusi
916 875 1088 946 quasi
1119 874 1400 946 princeps
1444 873 1735 946 quoddam
1767 875 2060 947 praebens
2103 876 2407 947 specimen.

389 962 494 1020 hoc
520 964 712 1020 autem
737 963 1120 1034 conscriptum
1149 964 1231 1020 est
1255 978 1355 1020 sex
1382 962 1757 1020 librariorum
1776 961 1952 1034 (sicut
1966 966 2084 1021 octo
2095 962 2408 1036 Leidense)

389 1051 633 1108 invicem
695 1053 800 1108 aut
857 1051 1227 1108 scribentium
1293 1053 1399 1109 aut
1450 1051 1853 1124 corriyentiuan
1912 1051 2218 1122 festinanti
2273 1052 2409 1110 dili-

384 1140 594 1212 gentia.
669 1139 768 1211 qui
807 1135 1089 1198 Germani
1126 1141 1270 1197 certe
1304 1155 1501 1197 onmes
1539 1136 1632 1211 (ut
1673 1139 1727 1196 is
1772 1141 1872 1210 qui
1904 1140 2147 1211 ptumbo
2191 1141 2407 1198 sobam-

387 1227 554 1286 modo
589 1227 679 1285 vel
708 1228 953 1300 ¹qraphio
988 1229 1266 1301 impresso
1293 1229 1527 1300 passim
1560 1226 1845 1284 nonnulla
1878 1230 2101 1286 notavit
2136 1231 2188 1286 et
2220 1245 2409 1302 swa

375 1333 442 1388 p.
483 1316 579 1383 58,
609 1318 647 1374 6
700 1318 1057 1390 „carpinus“
1111 1317 1424 1388 adscripsit
1474 1313 1974 1388 „hayinbuocha‘9
2036 1332 2156 1373 non
2217 1318 2410 1375 solum

389 1404 470 1462 ad
525 1404 878 1478 exemplaria
933 1407 1301 1463 correxerunt
1352 1403 1454 1462 sed
1508 1419 1575 1461 eae
1608 1405 1853 1476 proprio
1909 1406 2081 1476 captu
2123 1405 2309 1462 multa
2355 1408 2411 1462 ct

387 1493 469 1551 ad
521 1493 741 1552 saeculi
795 1493 1274 1551 consuetudinem.
1366 1494 1535 1564 atque
1577 1492 1842 1550 similiter
1873 1495 2013 1564 post
2056 1493 2164 1564 eyit
2208 1494 2309 1564 qui
2354 1495 2409 1550 et

384 1583 579 1654 ipsum
621 1580 1014 1639 Scletstatense
1061 1579 1352 1652 eccemplar
1402 1579 1732 1638 adhibuisse
1787 1579 2228 1652 deprehenditur
2280 1596 2401 1638 cor-

383 1673 567 1727 rector
612 1668 820 1727 codicis
868 1666 1159 1736 Gudiani,
1206 1669 1304 1741 qui
1350 1670 1471 1727 vice
1515 1685 1685 1727 versa
1730 1668 1990 1726 lectiones
2034 1667 2405 1726 Harleianas

383 1757 614 1830 infersit
655 1757 826 1830 stirpi
873 1755 1201 1816 Gudianae.

526 1845 844 1919 Utrumque
906 1862 1038 1905 vero
1100 1846 1381 1904 librorwm
1437 1861 1622 1919 yenus
1678 1841 1777 1916 (H
1799 1847 1851 1902 et
1879 1841 1962 1917 G)
2019 1844 2099 1902 ad
2152 1845 2401 1904 codicem

383 1933 738 1993 Fuldensem
802 1932 1014 2008 spraef.
1041 1952 1106 2008 p.
1144 1933 1261 1993 IV.
1302 1933 1407 1993 VI.
1473 1933 1545 2006 cf.
1601 1934 1672 1993 de
1734 1933 1988 2007 cataloyo
2040 1949 2189 1993 saec.
2236 1933 2408 1993 XVI

380 2022 460 2082 N.
512 2023 879 2097 Kindlinyer,
954 2024 1210 2097 Kataloy
1279 2023 1405 2082 wml
1466 2016 1856 2081 Nachrichten
1926 2039 2039 2082 von
2110 2022 2213 2082 der
2258 2069 2271 2081 .
2320 2067 2334 2081 .
2382 2068 2398 2083 .

380 2110 705 2170 Bibliothelc
773 2113 840 2169 in
904 2112 1107 2171 Fulda
1172 2110 1318 2185 Lpz.
1366 2113 1528 2171 1812
1589 2129 1651 2184 p.
1699 2113 1779 2169 80
1850 2112 1955 2169 sub
2008 2110 2138 2179 IX,
2184 2113 2242 2178 3,
2290 2112 2399 2169 14.-

381 2201 452 2259 de
505 2202 741 2273 antiquo
806 2203 958 2259 enim
1008 2201 1198 2259 indice
1262 2216 1330 2259 ea·
1394 2200 1581 2258 codice
1636 2199 1762 2259 Vat.
1808 2198 1935 2258 Pal.
1983 2202 2145 2258 1877
2186 2201 2396 2271 imper-

378 2290 520 2362 fecte
568 2289 714 2348 edito
757 2304 876 2347 non
926 2289 1104 2348 habeo
1159 2288 1310 2361 quod
1353 2287 1633 2361 referam)
1686 2288 1877 2347 redire
1930 2288 2094 2347 credo
2136 2289 2205 2346 in
2252 2284 2397 2345 Ger-

377 2378 583 2437 mania
646 2378 1113 2450 antiqwissimum
1175 2380 1227 2435 et
1288 2378 1368 2435 ad
1437 2378 1723 2445 „scoticae
1784 2377 2152 2449 scripturae“
2218 2393 2398 2449 quam

378 2468 480 2539 qui
533 2483 601 2524 ex
655 2481 715 2523 eo
758 2466 1022 2538 produnt
1063 2466 1685 2539 „inexperientiam“*,
1743 2468 1830 2525 ita
1881 2465 2109 2538 quidem
2161 2468 2227 2523 ut
2276 2467 2397 2537 ipsi

521 2616 576 2684 *)
615 2618 853 2686 exemplo
897 2623 1026 2672 utor
1060 2618 1212 2672 vitiis
1256 2633 1323 2671 ex
1358 2634 1397 2685 p
1433 2617 1521 2685 (=
1548 2619 1599 2686 r)
1636 2617 2061 2688 anylosaoeonico
2105 2616 2167 2683 (e.
2204 2633 2254 2697 9.
2293 2631 2397 2685 per

379 2714 446 2734 ==
476 2690 585 2757 res)
621 2688 887 2743 translato
923 2705 1050 2743 mox
1083 2691 1148 2743 in
1173 2706 1235 2741 n:
1273 2686 1505 2742 natione
1532 2690 1599 2757 (‘?)
1628 2705 1687 2757 p.
1718 2690 1809 2755 32,
1827 2691 1878 2743 3.
1924 2684 2394 2757 contigratmnem

381 2759 434 2813 G
463 2762 553 2827 52,
572 2763 660 2814 18.
680 2761 769 2814 24.
827 2757 1246 2813 remissionibus
1284 2763 1414 2821 136,
1432 2763 1481 2812 8.
1539 2757 1908 2828 spissionibus
1944 2759 2174 2825 194‚13.
2231 2758 2393 2811 nota.-

375 2828 530 2883 tione
572 2833 704 2897 219,
728 2833 820 2884 27.
892 2832 1147 2884 nostrum
1188 2833 1318 2897 230,
1346 2833 1437 2884 22.
1510 2831 1679 2883 notae
1724 2833 1856 2896 255,
1883 2832 1967 2882 14.
2041 2827 2394 2883 voluntatem

375 2904 506 2968 260,
523 2904 612 2955 22.
669 2916 796 2955 mox
820 2903 888 2955 in
913 2919 976 2970 p:
1004 2901 1237 2970 pythmo
1267 2905 1319 2969 9,
1340 2904 1426 2955 13.
1467 2900 1686 2969 desepti
1715 2906 1806 2968 63,
1821 2904 1911 2955 20.
1950 2898 2174 2968 hypetri
2193 2904 2284 2967 96,
2296 2904 2388 2955 22.

376 2973 609 3040 excepto
656 2976 782 3036 167,
811 2975 860 3027 5.
934 2972 1004 3038 cf.
1051 2990 1090 3041 p
1126 2989 1233 3041 pro
1278 2972 1308 3025 f
1315 2994 1328 3027 ε
1384 2972 1677 3041 prontibus
1724 2972 1791 3026 H
1823 2976 1951 3039 100,
1977 2974 2063 3025 15.
2137 2972 2297 3039 porte
2337 2972 2390 3027 G

374 3046 506 3111 168,
525 3045 611 3097 13.
649 3073 720 3081 -
754 3042 784 3095 f
799 3059 904 3111 pro
931 3061 993 3112 p:
1032 3042 1406 3097 confressione
1434 3044 1501 3098 H
1524 3045 1655 3110 237,
1674 3046 1763 3097 18.
1792 3074 1861 3082 -
1888 3060 1917 3095 r
1935 3059 2043 3112 pro
2070 3059 2132 3110 p:
2170 3041 2389 3096 taribus

374 3117 504 3181 121,
521 3116 610 3168 23.
660 3112 920 3182 saprinea.
940 3114 992 3169 G
1012 3117 1185 3181 56,18
1211 3120 1303 3169 etc.
1335 3120 1427 3168 etc.
1484 3115 1549 3168 de
1575 3120 1709 3168 nota
1744 3114 2025 3184 anqlosax.
2056 3129 2163 3181 pro
2200 3114 2390 3166 autem

374 3186 437 3237 in
467 3185 519 3240 G
544 3200 703 3252 saepe
729 3186 960 3254 repetita
987 3186 1247 3253 (explicat
1286 3186 1662 3254 suprascripto
1692 3186 1882 3238 autem
1912 3184 1985 3240 G⁰
2011 3185 2086 3238 ad
2108 3201 2163 3253 p.
2192 3187 2318 3250 155,
2336 3190 2387 3237 1.

373 3256 442 3321 cf.
474 3258 565 3323 69,
581 3257 670 3309 22.
710 3257 839 3322 201,
854 3256 927 3324 6.)
979 3272 1028 3310 v.
1059 3255 1238 3325 praef.
1261 3272 1321 3324 p.
1353 3255 1441 3309 VI
1469 3257 1597 3324 (vid.
1636 3258 1800 3310 etiam
1828 3272 1885 3325 p.
1914 3258 2040 3323 191,
2060 3258 2112 3310 8.
2151 3258 2385 3321 196,12.

371 3329 594 3393 199,12
632 3330 747 3393 etc„
775 3342 880 3395 pro
908 3340 1039 3381 vero
1069 3326 1138 3380 Η
1142 3327 1217 3381 G⁶
1245 3344 1304 3395 p.
1338 3328 1429 3393 70,
1449 3327 1520 3395 5).
1556 3356 1629 3365 -—
1663 3327 1972 3381 simillimae
2006 3332 2135 3380 sunt
2168 3332 2328 3379 notae
2359 3342 2388 3377 r

373 3402 424 3450 et
451 3412 492 3465 s,
530 3403 594 3451 ut
627 3398 854 3463 fuerunt
888 3398 952 3451 in
976 3414 1035 3465 x,
1069 3397 1151 3453 vel
1185 3398 1248 3450 in
1272 3399 1393 3467 ipso
1420 3396 1497 3465 H,
1533 3398 1679 3452 unde
1704 3399 1843 3452 vitia
1862 3398 2136 3467 plurima:
2171 3396 2265 3451 sed
2290 3398 2389 3451 hoe

371 3468 480 3523 late
505 3473 685 3536 patet,
730 3469 872 3524 sicut
906 3485 944 3521 u
973 3494 1040 3516 =
1071 3484 1119 3522 a.
1195 3468 1314 3523 alia
1354 3469 1499 3523 ratio
1544 3475 1621 3523 est
1660 3469 1905 3540 vulgaris
1940 3470 2093 3537 apud
2129 3468 2387 3523 librarios

369 3554 506 3595 saec.
535 3539 634 3593 IX
665 3539 1002 3607 confusionis
1035 3540 1304 3596 vocalium
1331 3555 1370 3591 u
1397 3564 1464 3585 =
1496 3556 1544 3609 0,
1585 3556 1619 3593 a
1647 3564 1713 3587 -ε
1744 3557 1793 3609 o,
1830 3538 1851 3593 i
1879 3565 1946 3585 =
1977 3556 2021 3593 e.

2528 1768 2537 1776 ’
2640 1727 2647 1944 1
