<?xml version="1.0" encoding="UTF-8"?>
<!DOCTYPE html PUBLIC "-//W3C//DTD XHTML 1.0 Transitional//EN"
    "http://www.w3.org/TR/xhtml1/DTD/xhtml1-transitional.dtd">
<html xmlns="http://www.w3.org/1999/xhtml" xml:lang="en" lang="en">
 <head>
  <title>
</title>
<meta http-equiv="Content-Type" content="text/html;charset=utf-8" />
  <meta name='ocr-system' content='tesseract 3.04.00' />
  <meta name='ocr-capabilities' content='ocr_page ocr_carea ocr_par ocr_line ocrx_word'/>
</head>
<body>
  <div class='ocr_page' id='page_1' title='image "./vitruviidearchi00pollgoog_0178.png"; bbox 0 0 2664 3927; ppageno 0'>
   <div class='ocr_carea' id='block_1_1' title="bbox 239 534 272 582">
    <p class='ocr_par' dir='ltr' id='par_1_1' title="bbox 239 534 272 582">
     <span class='ocr_line' id='line_1_1' title="bbox 239 534 272 582; baseline 0 0"><span class='ocrx_word' id='word_1_1' title='bbox 239 534 272 582; x_wconf 82' lang='lat'>9</span> 
     </span>
    </p>
   </div>
   <div class='ocr_carea' id='block_1_2' title="bbox 209 1690 276 1738">
    <p class='ocr_par' dir='ltr' id='par_1_2' title="bbox 209 1690 276 1738">
     <span class='ocr_line' id='line_1_2' title="bbox 209 1690 276 1738; baseline 0.03 -2"><span class='ocrx_word' id='word_1_2' title='bbox 209 1690 276 1738; x_wconf 89' lang='grc'><strong>10</strong></span> 
     </span>
    </p>
   </div>
   <div class='ocr_carea' id='block_1_3' title="bbox 212 2491 275 2539">
    <p class='ocr_par' dir='ltr' id='par_1_3' title="bbox 212 2491 275 2539">
     <span class='ocr_line' id='line_1_3' title="bbox 212 2491 275 2539; baseline 0 0"><span class='ocrx_word' id='word_1_3' title='bbox 212 2491 275 2539; x_wconf 91' lang='grc'><strong>11</strong></span> 
     </span>
    </p>
   </div>
   <div class='ocr_carea' id='block_1_4' title="bbox 314 187 1490 255">
    <p class='ocr_par' dir='ltr' id='par_1_4' title="bbox 314 187 1490 255">
     <span class='ocr_line' id='line_1_4' title="bbox 314 187 1490 255; baseline -0.011 0"><span class='ocrx_word' id='word_1_4' title='bbox 314 191 439 255; x_wconf 83' lang='grc'><strong>142</strong></span> <span class='ocrx_word' id='word_1_5' title='bbox 1157 187 1490 244; x_wconf 75' lang='lat' dir='ltr'><strong>VITRUVII</strong></span> 
     </span>
    </p>
   </div>
   <div class='ocr_carea' id='block_1_5' title="bbox 309 339 2505 3005">
    <p class='ocr_par' dir='ltr' id='par_1_5' title="bbox 309 339 2339 596">
     <span class='ocr_line' id='line_1_5' title="bbox 309 339 2338 418; baseline -0 -18"><span class='ocrx_word' id='word_1_6' title='bbox 309 340 538 400; x_wconf 89' lang='lat' dir='ltr'><strong>tudinis</strong></span> <span class='ocrx_word' id='word_1_7' title='bbox 595 342 684 400; x_wconf 92' lang='lat' dir='ltr'><strong>uti</strong></span> <span class='ocrx_word' id='word_1_8' title='bbox 739 359 918 418; x_wconf 90' lang='lat' dir='ltr'><strong>supra</strong></span> <span class='ocrx_word' id='word_1_9' title='bbox 971 341 1370 400; x_wconf 78' lang='lat' dir='ltr'>tricliniorum</span> <span class='ocrx_word' id='word_1_10' title='bbox 1424 341 1801 416; x_wconf 74' lang='lat' dir='ltr'><strong>symmetriae</strong></span> <span class='ocrx_word' id='word_1_11' title='bbox 1866 339 2121 416; x_wconf 76' lang='lat' dir='ltr'>scriptae</span> <span class='ocrx_word' id='word_1_12' title='bbox 2182 343 2338 415; x_wconf 91' lang='lat' dir='ltr'><strong>sunt,</strong></span> 
     </span>
     <span class='ocr_line' id='line_1_6' title="bbox 309 429 2339 507; baseline -0 -19"><span class='ocrx_word' id='word_1_13' title='bbox 309 431 399 489; x_wconf 88' lang='lat' dir='ltr'><strong>ita</strong></span> <span class='ocrx_word' id='word_1_14' title='bbox 469 429 731 489; x_wconf 79' lang='lat' dir='ltr'><strong>habeant</strong></span> <span class='ocrx_word' id='word_1_15' title='bbox 800 431 1121 507; x_wconf 86' lang='lat' dir='ltr'><strong>rationem,</strong></span> <span class='ocrx_word' id='word_1_16' title='bbox 1194 429 1297 488; x_wconf 88' lang='lat' dir='ltr'><strong>sed</strong></span> <span class='ocrx_word' id='word_1_17' title='bbox 1369 431 1613 506; x_wconf 89' lang='lat' dir='ltr'><strong>propter</strong></span> <span class='ocrx_word' id='word_1_18' title='bbox 1676 430 2086 488; x_wconf 89' lang='lat' dir='ltr'><strong>columnarum</strong></span> <span class='ocrx_word' id='word_1_19' title='bbox 2158 429 2339 488; x_wconf 88' lang='lat' dir='ltr'><strong>inter-</strong></span> 
     </span>
     <span class='ocr_line' id='line_1_7' title="bbox 309 519 2339 596; baseline -0.001 -17"><span class='ocrx_word' id='word_1_20' title='bbox 309 520 634 596; x_wconf 76' lang='lat' dir='ltr'><strong>positiones</strong></span> <span class='ocrx_word' id='word_1_21' title='bbox 664 519 1045 595; x_wconf 75' lang='lat' dir='ltr'><strong>spatiosiores</strong></span> <span class='ocrx_word' id='word_1_22' title='bbox 1073 519 1529 578; x_wconf 73' lang='lat' dir='ltr'><strong>constituantur.</strong></span> <span class='ocrx_word' id='word_1_23' title='bbox 1594 519 1752 577; x_wconf 88' lang='lat' dir='ltr'><strong>inter</strong></span> <span class='ocrx_word' id='word_1_24' title='bbox 1780 519 2101 578; x_wconf 81' lang='lat' dir='ltr'><strong>corinthios</strong></span> <span class='ocrx_word' id='word_1_25' title='bbox 2136 521 2339 577; x_wconf 87' lang='lat' dir='ltr'><strong>autem</strong></span> 
     </span>
    </p>

    <p class='ocr_par' dir='ltr' id='par_1_6' title="bbox 309 599 2500 2447">
     <span class='ocr_line' id='line_1_8' title="bbox 309 599 2444 687; baseline 0.001 -21"><span class='ocrx_word' id='word_1_26' title='bbox 309 611 370 668; x_wconf 90' lang='lat' dir='ltr'><strong>et</strong></span> <span class='ocrx_word' id='word_1_27' title='bbox 397 609 708 686; x_wconf 83' lang='lat' dir='ltr'><strong>aegyptios</strong></span> <span class='ocrx_word' id='word_1_28' title='bbox 735 609 847 667; x_wconf 92' lang='lat' dir='ltr'><strong>hoc</strong></span> <span class='ocrx_word' id='word_1_29' title='bbox 875 607 989 666; x_wconf 92' lang='lat' dir='ltr'><strong>erit</strong></span> <span class='ocrx_word' id='word_1_30' title='bbox 1021 599 1027 687; x_wconf 92' lang='grc' dir='ltr'>Ι</span> <span class='ocrx_word' id='word_1_31' title='bbox 1060 607 1394 667; x_wconf 78' lang='lat' dir='ltr'><strong>discrimen.</strong></span> <span class='ocrx_word' id='word_1_32' title='bbox 1446 608 1722 667; x_wconf 86' lang='lat' dir='ltr'><strong>corinthii</strong></span> <span class='ocrx_word' id='word_1_33' title='bbox 1752 606 2339 684; x_wconf 82' lang='lat' dir='ltr'><strong>simpliceshabeant</strong></span> <span class='ocrx_word' id='word_1_34' title='bbox 2358 619 2444 668; x_wconf 79' lang='grc'>(15)</span> 
     </span>
     <span class='ocr_line' id='line_1_9' title="bbox 310 695 2392 773; baseline -0.001 -17"><span class='ocrx_word' id='word_1_35' title='bbox 310 698 614 756; x_wconf 90' lang='lat' dir='ltr'><strong>columnas</strong></span> <span class='ocrx_word' id='word_1_36' title='bbox 660 699 768 755; x_wconf 92' lang='lat' dir='ltr'><strong>aut</strong></span> <span class='ocrx_word' id='word_1_37' title='bbox 812 697 876 754; x_wconf 91' lang='lat' dir='ltr'><strong>in</strong></span> <span class='ocrx_word' id='word_1_38' title='bbox 921 696 1100 773; x_wconf 87' lang='lat' dir='ltr'><strong>podio</strong></span> <span class='ocrx_word' id='word_1_39' title='bbox 1155 695 1384 772; x_wconf 89' lang='lat' dir='ltr'><strong>positas</strong></span> <span class='ocrx_word' id='word_1_40' title='bbox 1443 699 1548 755; x_wconf 86' lang='lat' dir='ltr'><strong>aut</strong></span> <span class='ocrx_word' id='word_1_41' title='bbox 1592 698 1657 756; x_wconf 90' lang='lat' dir='ltr'><strong>in</strong></span> <span class='ocrx_word' id='word_1_42' title='bbox 1701 697 1840 771; x_wconf 91' lang='lat' dir='ltr'><strong>im0,</strong></span> <span class='ocrx_word' id='word_1_43' title='bbox 1887 715 2185 773; x_wconf 84' lang='lat' dir='ltr'><strong>supraque</strong></span> <span class='ocrx_word' id='word_1_44' title='bbox 2231 697 2336 754; x_wconf 88' lang='lat' dir='ltr'><strong>ha·</strong></span> <span class='ocrx_word' id='word_1_45' title='bbox 2368 716 2392 755; x_wconf 86' lang='lat'>5</span> 
     </span>
     <span class='ocr_line' id='line_1_10' title="bbox 309 782 2338 862; baseline -0 -17"><span class='ocrx_word' id='word_1_46' title='bbox 309 782 498 846; x_wconf 88' lang='lat' dir='ltr'><strong>beant</strong></span> <span class='ocrx_word' id='word_1_47' title='bbox 543 786 822 862; x_wconf 88' lang='lat' dir='ltr'><strong>epistylia</strong></span> <span class='ocrx_word' id='word_1_48' title='bbox 869 787 929 844; x_wconf 90' lang='lat' dir='ltr'><strong>et</strong></span> <span class='ocrx_word' id='word_1_49' title='bbox 965 803 1212 845; x_wconf 88' lang='lat' dir='ltr'><strong>coronas</strong></span> <span class='ocrx_word' id='word_1_50' title='bbox 1251 787 1356 842; x_wconf 89' lang='lat' dir='ltr'><strong>aut</strong></span> <span class='ocrx_word' id='word_1_51' title='bbox 1394 804 1464 844; x_wconf 88' lang='lat' dir='ltr'><strong>ex</strong></span> <span class='ocrx_word' id='word_1_52' title='bbox 1499 784 1782 844; x_wconf 84' lang='lat' dir='ltr'><strong>intestino</strong></span> <span class='ocrx_word' id='word_1_53' title='bbox 1822 804 1997 862; x_wconf 88' lang='lat' dir='ltr'><strong>opere</strong></span> <span class='ocrx_word' id='word_1_54' title='bbox 2034 788 2140 844; x_wconf 87' lang='lat' dir='ltr'><strong>aut</strong></span> <span class='ocrx_word' id='word_1_55' title='bbox 2178 785 2338 844; x_wconf 87' lang='lat' dir='ltr'><strong>alba·</strong></span> 
     </span>
     <span class='ocr_line' id='line_1_11' title="bbox 311 873 2340 951; baseline -0.001 -16"><span class='ocrx_word' id='word_1_56' title='bbox 311 876 419 950; x_wconf 89' lang='lat' dir='ltr'><strong>ri0,</strong></span> <span class='ocrx_word' id='word_1_57' title='bbox 465 877 773 951; x_wconf 88' lang='lat' dir='ltr'><strong>praeterea</strong></span> <span class='ocrx_word' id='word_1_58' title='bbox 820 891 998 950; x_wconf 87' lang='lat' dir='ltr'><strong>supra</strong></span> <span class='ocrx_word' id='word_1_59' title='bbox 1045 891 1292 932; x_wconf 87' lang='lat' dir='ltr'><strong>coronas</strong></span> <span class='ocrx_word' id='word_1_60' title='bbox 1340 893 1523 933; x_wconf 83' lang='lat' dir='ltr'><strong>curva</strong></span> <span class='ocrx_word' id='word_1_61' title='bbox 1579 874 1885 933; x_wconf 89' lang='lat' dir='ltr'><strong>lacunaria</strong></span> <span class='ocrx_word' id='word_1_62' title='bbox 1932 873 2007 932; x_wconf 87' lang='lat' dir='ltr'><strong>ad</strong></span> <span class='ocrx_word' id='word_1_63' title='bbox 2054 874 2340 934; x_wconf 88' lang='lat' dir='ltr'><strong>circinum</strong></span> 
     </span>
     <span class='ocr_line' id='line_1_12' title="bbox 311 962 2340 1040; baseline 0 -18"><span class='ocrx_word' id='word_1_64' title='bbox 311 963 668 1023; x_wconf 84' lang='lat' dir='ltr'><strong>delumbata.</strong></span> <span class='ocrx_word' id='word_1_65' title='bbox 757 962 823 1021; x_wconf 92' lang='lat' dir='ltr'><strong>in</strong></span> <span class='ocrx_word' id='word_1_66' title='bbox 869 963 1163 1040; x_wconf 84' lang='lat' dir='ltr'><strong>aegyptiis</strong></span> <span class='ocrx_word' id='word_1_67' title='bbox 1211 965 1413 1022; x_wconf 87' lang='lat' dir='ltr'><strong>autem</strong></span> <span class='ocrx_word' id='word_1_68' title='bbox 1465 982 1644 1039; x_wconf 85' lang='lat' dir='ltr'><strong>supra</strong></span> <span class='ocrx_word' id='word_1_69' title='bbox 1700 963 2002 1022; x_wconf 86' lang='lat' dir='ltr'><strong>columnas</strong></span> <span class='ocrx_word' id='word_1_70' title='bbox 2058 963 2340 1039; x_wconf 88' lang='lat' dir='ltr'><strong>epistylia</strong></span> 
     </span>
     <span class='ocr_line' id='line_1_13' title="bbox 311 1047 2446 1130; baseline 0.001 -19"><span class='ocrx_word' id='word_1_71' title='bbox 311 1055 373 1111; x_wconf 90' lang='lat' dir='ltr'><strong>et</strong></span> <span class='ocrx_word' id='word_1_72' title='bbox 418 1052 491 1110; x_wconf 92' lang='lat' dir='ltr'><strong>ab</strong></span> <span class='ocrx_word' id='word_1_73' title='bbox 539 1052 832 1128; x_wconf 81' lang='lat' dir='ltr'><strong>epistyliis</strong></span> <span class='ocrx_word' id='word_1_74' title='bbox 881 1052 957 1110; x_wconf 86' lang='lat' dir='ltr'><strong>ad</strong></span> <span class='ocrx_word' id='word_1_75' title='bbox 1001 1052 1257 1129; x_wconf 88' lang='lat' dir='ltr'><strong>parietes</strong></span> <span class='ocrx_word' id='word_1_76' title='bbox 1298 1051 1404 1128; x_wconf 89' lang='lat' dir='ltr'><strong>qui</strong></span> <span class='ocrx_word' id='word_1_77' title='bbox 1444 1054 1583 1111; x_wconf 89' lang='lat' dir='ltr'><strong>sunt</strong></span> <span class='ocrx_word' id='word_1_78' title='bbox 1623 1047 1631 1130; x_wconf 97' lang='grc' dir='ltr'>Ι</span> <span class='ocrx_word' id='word_1_79' title='bbox 1673 1051 1828 1111; x_wconf 87' lang='lat' dir='ltr'><strong>circa</strong></span> <span class='ocrx_word' id='word_1_80' title='bbox 1873 1051 2210 1127; x_wconf 86' lang='lat' dir='ltr'><strong>inponenda</strong></span> <span class='ocrx_word' id='word_1_81' title='bbox 2248 1055 2339 1111; x_wconf 92' lang='lat' dir='ltr'><strong>est</strong></span> <span class='ocrx_word' id='word_1_82' title='bbox 2358 1062 2446 1113; x_wconf 75' lang='lat'><strong>(2⁰)</strong></span> 
     </span>
     <span class='ocr_line' id='line_1_14' title="bbox 311 1140 2422 1219; baseline -0.001 -18"><span class='ocrx_word' id='word_1_83' title='bbox 311 1141 699 1219; x_wconf 82' lang='lat' dir='ltr'><strong>contignatiO,</strong></span> <span class='ocrx_word' id='word_1_84' title='bbox 744 1160 925 1217; x_wconf 87' lang='lat' dir='ltr'><strong>supra</strong></span> <span class='ocrx_word' id='word_1_85' title='bbox 963 1140 1375 1200; x_wconf 83' lang='lat' dir='ltr'><strong>coaxationem</strong></span> <span class='ocrx_word' id='word_1_86' title='bbox 1419 1141 1845 1216; x_wconf 84' lang='lat' dir='ltr'><strong>pavimentum,</strong></span> <span class='ocrx_word' id='word_1_87' title='bbox 1890 1140 2105 1200; x_wconf 86' lang='lat' dir='ltr'><strong>subdiu</strong></span> <span class='ocrx_word' id='word_1_88' title='bbox 2146 1144 2217 1199; x_wconf 90' lang='lat' dir='ltr'><strong>ut</strong></span> <span class='ocrx_word' id='word_1_89' title='bbox 2259 1141 2338 1200; x_wconf 90' lang='lat' dir='ltr'><strong>sit</strong></span> <span class='ocrx_word' id='word_1_90' title='bbox 2370 1162 2422 1200; x_wconf 79' lang='grc' dir='ltr'><strong>ιο</strong></span> 
     </span>
     <span class='ocr_line' id='line_1_15' title="bbox 312 1228 2342 1306; baseline -0.001 -16"><span class='ocrx_word' id='word_1_91' title='bbox 312 1231 670 1290; x_wconf 86' lang='lat' dir='ltr'><strong>circumitus.</strong></span> <span class='ocrx_word' id='word_1_92' title='bbox 782 1230 991 1290; x_wconf 89' lang='lat' dir='ltr'><strong>deinde</strong></span> <span class='ocrx_word' id='word_1_93' title='bbox 1055 1249 1239 1306; x_wconf 88' lang='lat' dir='ltr'><strong>supra</strong></span> <span class='ocrx_word' id='word_1_94' title='bbox 1304 1228 1652 1306; x_wconf 85' lang='lat' dir='ltr'><strong>epistylium</strong></span> <span class='ocrx_word' id='word_1_95' title='bbox 1715 1230 1793 1287; x_wconf 89' lang='lat' dir='ltr'><strong>ad</strong></span> <span class='ocrx_word' id='word_1_96' title='bbox 1853 1229 2342 1306; x_wconf 85' lang='lat' dir='ltr'><strong>perpendiculum</strong></span> 
     </span>
     <span class='ocr_line' id='line_1_16' title="bbox 309 1318 2341 1395; baseline -0 -17"><span class='ocrx_word' id='word_1_97' title='bbox 309 1319 657 1379; x_wconf 86' lang='lat' dir='ltr'><strong>inferiorum</strong></span> <span class='ocrx_word' id='word_1_98' title='bbox 713 1320 1123 1378; x_wconf 88' lang='lat' dir='ltr'><strong>columnarum</strong></span> <span class='ocrx_word' id='word_1_99' title='bbox 1176 1318 1549 1395; x_wconf 87' lang='lat' dir='ltr'><strong>inponendae</strong></span> <span class='ocrx_word' id='word_1_100' title='bbox 1606 1321 1745 1377; x_wconf 88' lang='lat' dir='ltr'><strong>sunt</strong></span> <span class='ocrx_word' id='word_1_101' title='bbox 1798 1319 2054 1378; x_wconf 85' lang='lat' dir='ltr'><strong>minores</strong></span> <span class='ocrx_word' id='word_1_102' title='bbox 2126 1321 2341 1394; x_wconf 86' lang='lat' dir='ltr'><strong>quarta</strong></span> 
     </span>
     <span class='ocr_line' id='line_1_17' title="bbox 312 1407 2340 1485; baseline -0.001 -17"><span class='ocrx_word' id='word_1_103' title='bbox 312 1411 483 1485; x_wconf 85' lang='lat' dir='ltr'><strong>parte</strong></span> <span class='ocrx_word' id='word_1_104' title='bbox 521 1410 845 1468; x_wconf 88' lang='lat' dir='ltr'><strong>columnae.</strong></span> <span class='ocrx_word' id='word_1_105' title='bbox 919 1427 1098 1485; x_wconf 88' lang='lat' dir='ltr'><strong>supra</strong></span> <span class='ocrx_word' id='word_1_106' title='bbox 1136 1427 1342 1466; x_wconf 89' lang='lat' dir='ltr'><strong>earum</strong></span> <span class='ocrx_word' id='word_1_107' title='bbox 1377 1407 1659 1483; x_wconf 88' lang='lat' dir='ltr'><strong>epistylia</strong></span> <span class='ocrx_word' id='word_1_108' title='bbox 1698 1410 1758 1466; x_wconf 91' lang='lat' dir='ltr'><strong>et</strong></span> <span class='ocrx_word' id='word_1_109' title='bbox 1796 1409 2145 1467; x_wconf 88' lang='lat' dir='ltr'><strong>ornamenta</strong></span> <span class='ocrx_word' id='word_1_110' title='bbox 2178 1408 2340 1466; x_wconf 91' lang='lat' dir='ltr'><strong>lacu-</strong></span> 
     </span>
     <span class='ocr_line' id='line_1_18' title="bbox 313 1488 2447 1578; baseline 0 -21"><span class='ocrx_word' id='word_1_111' title='bbox 313 1499 496 1557; x_wconf 87' lang='lat' dir='ltr'><strong>nariis</strong></span> <span class='ocrx_word' id='word_1_112' title='bbox 561 1500 850 1556; x_wconf 89' lang='lat' dir='ltr'><strong>ornantur</strong></span> <span class='ocrx_word' id='word_1_113' title='bbox 913 1499 974 1556; x_wconf 88' lang='lat' dir='ltr'><strong>et</strong></span> <span class='ocrx_word' id='word_1_114' title='bbox 1037 1497 1194 1555; x_wconf 90' lang='lat' dir='ltr'><strong>inter</strong></span> <span class='ocrx_word' id='word_1_115' title='bbox 1256 1497 1560 1556; x_wconf 90' lang='lat' dir='ltr'><strong>columnas</strong></span> <span class='ocrx_word' id='word_1_116' title='bbox 1625 1496 1956 1573; x_wconf 87' lang='lat' dir='ltr'><strong>superiores</strong></span> <span class='ocrx_word' id='word_1_117' title='bbox 1998 1488 2007 1578; x_wconf 96' lang='grc' dir='ltr'>Ι</span> <span class='ocrx_word' id='word_1_118' title='bbox 2046 1497 2341 1556; x_wconf 84' lang='lat' dir='ltr'><strong>fenestrae</strong></span> <span class='ocrx_word' id='word_1_119' title='bbox 2360 1507 2447 1558; x_wconf 80' lang='lat'>(25)</span> 
     </span>
     <span class='ocr_line' id='line_1_19' title="bbox 313 1585 2422 1660; baseline 0 -15"><span class='ocrx_word' id='word_1_120' title='bbox 313 1588 710 1647; x_wconf 88' lang='lat' dir='ltr'><strong>conlocantur.</strong></span> <span class='ocrx_word' id='word_1_121' title='bbox 766 1586 855 1645; x_wconf 91' lang='lat' dir='ltr'><strong>ita</strong></span> <span class='ocrx_word' id='word_1_122' title='bbox 881 1585 1264 1644; x_wconf 88' lang='lat' dir='ltr'><strong>basilicarum</strong></span> <span class='ocrx_word' id='word_1_123' title='bbox 1291 1604 1363 1644; x_wconf 89' lang='lat' dir='ltr'><strong>ea</strong></span> <span class='ocrx_word' id='word_1_124' title='bbox 1391 1585 1739 1660; x_wconf 87' lang='lat' dir='ltr'><strong>similitudo,</strong></span> <span class='ocrx_word' id='word_1_125' title='bbox 1766 1605 1884 1644; x_wconf 88' lang='lat' dir='ltr'><strong>non</strong></span> <span class='ocrx_word' id='word_1_126' title='bbox 1914 1586 2341 1645; x_wconf 89' lang='lat' dir='ltr'><strong>corinthiorum</strong></span> <span class='ocrx_word' id='word_1_127' title='bbox 2373 1605 2422 1645; x_wconf 85' lang='lat'><strong>15</strong></span> 
     </span>
     <span class='ocr_line' id='line_1_20' title="bbox 312 1673 2341 1750; baseline -0 -16"><span class='ocrx_word' id='word_1_128' title='bbox 312 1675 729 1750; x_wconf 85' lang='lat' dir='ltr'><strong>tricliniorum,</strong></span> <span class='ocrx_word' id='word_1_129' title='bbox 764 1675 1002 1733; x_wconf 82' lang='lat' dir='ltr'><strong>videtur</strong></span> <span class='ocrx_word' id='word_1_130' title='bbox 1045 1692 1186 1733; x_wconf 92' lang='lat' dir='ltr'><strong>esse.</strong></span> <span class='ocrx_word' id='word_1_131' title='bbox 1265 1673 1420 1733; x_wconf 90' lang='lat' dir='ltr'><strong>fiunt</strong></span> <span class='ocrx_word' id='word_1_132' title='bbox 1465 1677 1665 1734; x_wconf 88' lang='lat' dir='ltr'><strong>autem</strong></span> <span class='ocrx_word' id='word_1_133' title='bbox 1710 1676 1894 1733; x_wconf 91' lang='lat' dir='ltr'><strong>etiam</strong></span> <span class='ocrx_word' id='word_1_134' title='bbox 1938 1693 2059 1733; x_wconf 88' lang='lat' dir='ltr'><strong>non</strong></span> <span class='ocrx_word' id='word_1_135' title='bbox 2101 1675 2341 1734; x_wconf 84' lang='lat' dir='ltr'><strong>italicae</strong></span> 
     </span>
     <span class='ocr_line' id='line_1_21' title="bbox 317 1761 2419 1840; baseline -0 -17"><span class='ocrx_word' id='word_1_136' title='bbox 317 1764 758 1823; x_wconf 86' lang='lat' dir='ltr'><strong>consuetudinis</strong></span> <span class='ocrx_word' id='word_1_137' title='bbox 815 1764 968 1838; x_wconf 90' lang='lat' dir='ltr'><strong>oeci,</strong></span> <span class='ocrx_word' id='word_1_138' title='bbox 1024 1781 1170 1839; x_wconf 89' lang='lat' dir='ltr'><strong>quos</strong></span> <span class='ocrx_word' id='word_1_139' title='bbox 1228 1761 1441 1822; x_wconf 85' lang='lat' dir='ltr'><strong>Graeci</strong></span> <span class='ocrx_word' id='word_1_140' title='bbox 1505 1764 1806 1840; x_wconf 88' lang='lat' dir='ltr'><strong>cyzicenos</strong></span> <span class='ocrx_word' id='word_1_141' title='bbox 1863 1764 2187 1840; x_wconf 86' lang='lat' dir='ltr'><strong>appellant.</strong></span> <span class='ocrx_word' id='word_1_142' title='bbox 2278 1765 2342 1822; x_wconf 90' lang='lat' dir='ltr'><strong>hi</strong></span> <span class='ocrx_word' id='word_1_143' title='bbox 2412 1789 2419 1794; x_wconf 86' lang='lat'><strong>·</strong></span> 
     </span>
     <span class='ocr_line' id='line_1_22' title="bbox 317 1851 2343 1928; baseline -0 -16"><span class='ocrx_word' id='word_1_144' title='bbox 317 1852 700 1912; x_wconf 87' lang='lat' dir='ltr'><strong>conlocantur</strong></span> <span class='ocrx_word' id='word_1_145' title='bbox 745 1854 1079 1928; x_wconf 87' lang='lat' dir='ltr'><strong>spectantes</strong></span> <span class='ocrx_word' id='word_1_146' title='bbox 1126 1851 1201 1910; x_wconf 89' lang='lat' dir='ltr'><strong>ad</strong></span> <span class='ocrx_word' id='word_1_147' title='bbox 1238 1853 1703 1928; x_wconf 87' lang='lat' dir='ltr'><strong>septentrionem</strong></span> <span class='ocrx_word' id='word_1_148' title='bbox 1740 1856 1800 1912; x_wconf 91' lang='lat' dir='ltr'><strong>et</strong></span> <span class='ocrx_word' id='word_1_149' title='bbox 1834 1853 2091 1911; x_wconf 83' lang='lat' dir='ltr'><strong>maxime</strong></span> <span class='ocrx_word' id='word_1_150' title='bbox 2125 1852 2343 1911; x_wconf 85' lang='lat' dir='ltr'><strong>viridia</strong></span> 
     </span>
     <span class='ocr_line' id='line_1_23' title="bbox 314 1941 2343 2019; baseline 0.001 -20"><span class='ocrx_word' id='word_1_151' title='bbox 314 1941 767 2018; x_wconf 88' lang='lat' dir='ltr'><strong>prospicientes,</strong></span> <span class='ocrx_word' id='word_1_152' title='bbox 830 1942 1156 2017; x_wconf 83' lang='lat' dir='ltr'><strong>valvasque</strong></span> <span class='ocrx_word' id='word_1_153' title='bbox 1217 1941 1441 2001; x_wconf 90' lang='lat' dir='ltr'><strong>habent</strong></span> <span class='ocrx_word' id='word_1_154' title='bbox 1510 1941 1574 2001; x_wconf 91' lang='lat' dir='ltr'><strong>in</strong></span> <span class='ocrx_word' id='word_1_155' title='bbox 1637 1942 1849 2002; x_wconf 86' lang='lat' dir='ltr'><strong>medio.</strong></span> <span class='ocrx_word' id='word_1_156' title='bbox 1958 1943 2077 2019; x_wconf 91' lang='lat' dir='ltr'><strong>ipsi</strong></span> <span class='ocrx_word' id='word_1_157' title='bbox 2142 1945 2343 2001; x_wconf 89' lang='lat' dir='ltr'><strong>autem</strong></span> 
     </span>
     <span class='ocr_line' id='line_1_24' title="bbox 315 2026 2500 2108; baseline 0.002 -19"><span class='ocrx_word' id='word_1_158' title='bbox 315 2032 453 2089; x_wconf 90' lang='lat' dir='ltr'><strong>sunt</strong></span> <span class='ocrx_word' id='word_1_159' title='bbox 494 2026 501 2108; x_wconf 97' lang='grc' dir='ltr'>Ι</span> <span class='ocrx_word' id='word_1_160' title='bbox 542 2032 631 2089; x_wconf 90' lang='lat' dir='ltr'><strong>ita</strong></span> <span class='ocrx_word' id='word_1_161' title='bbox 675 2030 841 2108; x_wconf 85' lang='lat' dir='ltr'><strong>longi</strong></span> <span class='ocrx_word' id='word_1_162' title='bbox 888 2034 948 2089; x_wconf 91' lang='lat' dir='ltr'><strong>et</strong></span> <span class='ocrx_word' id='word_1_163' title='bbox 992 2031 1104 2089; x_wconf 92' lang='lat' dir='ltr'><strong>lati</strong></span> <span class='ocrx_word' id='word_1_164' title='bbox 1149 2033 1241 2089; x_wconf 94' lang='lat' dir='ltr'><strong>uti</strong></span> <span class='ocrx_word' id='word_1_165' title='bbox 1286 2032 1404 2089; x_wconf 90' lang='lat' dir='ltr'><strong>duo</strong></span> <span class='ocrx_word' id='word_1_166' title='bbox 1449 2032 1711 2090; x_wconf 85' lang='lat' dir='ltr'><strong>triclinia</strong></span> <span class='ocrx_word' id='word_1_167' title='bbox 1747 2051 1882 2091; x_wconf 91' lang='lat' dir='ltr'><strong>cum</strong></span> <span class='ocrx_word' id='word_1_168' title='bbox 1918 2032 2340 2091; x_wconf 82' lang='lat' dir='ltr'><strong>circumitioni·</strong></span> <span class='ocrx_word' id='word_1_169' title='bbox 2352 2044 2500 2095; x_wconf 73' lang='lat'><strong>20(80)</strong></span> 
     </span>
     <span class='ocr_line' id='line_1_25' title="bbox 313 2114 2479 2199; baseline 0.001 -22"><span class='ocrx_word' id='word_1_170' title='bbox 313 2119 424 2177; x_wconf 92' lang='lat' dir='ltr'><strong>bus</strong></span> <span class='ocrx_word' id='word_1_171' title='bbox 468 2120 627 2177; x_wconf 91' lang='lat' dir='ltr'><strong>inter</strong></span> <span class='ocrx_word' id='word_1_172' title='bbox 666 2114 674 2199; x_wconf 97' lang='grc' dir='ltr'>Ι</span> <span class='ocrx_word' id='word_1_173' title='bbox 717 2137 777 2179; x_wconf 88' lang='lat' dir='ltr'><strong>se</strong></span> <span class='ocrx_word' id='word_1_174' title='bbox 825 2120 1156 2196; x_wconf 88' lang='lat' dir='ltr'><strong>spectantia</strong></span> <span class='ocrx_word' id='word_1_175' title='bbox 1200 2122 1434 2197; x_wconf 90' lang='lat' dir='ltr'><strong>possint</strong></span> <span class='ocrx_word' id='word_1_176' title='bbox 1472 2139 1595 2180; x_wconf 90' lang='lat' dir='ltr'><strong>esse</strong></span> <span class='ocrx_word' id='word_1_177' title='bbox 1634 2122 1959 2196; x_wconf 86' lang='lat' dir='ltr'><strong>conlocata,</strong></span> <span class='ocrx_word' id='word_1_178' title='bbox 2004 2120 2342 2197; x_wconf 87' lang='lat' dir='ltr'><strong>habentque</strong></span> <span class='ocrx_word' id='word_1_179' title='bbox 2366 2130 2479 2185; x_wconf 73' lang='lat'><strong>144</strong></span> 
     </span>
     <span class='ocr_line' id='line_1_26' title="bbox 315 2207 2341 2285; baseline 0.001 -19"><span class='ocrx_word' id='word_1_180' title='bbox 315 2208 523 2267; x_wconf 85' lang='lat' dir='ltr'><strong>dextra</strong></span> <span class='ocrx_word' id='word_1_181' title='bbox 561 2227 629 2267; x_wconf 87' lang='lat' dir='ltr'><strong>ac</strong></span> <span class='ocrx_word' id='word_1_182' title='bbox 665 2208 906 2267; x_wconf 81' lang='lat' dir='ltr'><strong>sinistra</strong></span> <span class='ocrx_word' id='word_1_183' title='bbox 939 2207 1176 2268; x_wconf 83' lang='lat' dir='ltr'><strong>lumina·</strong></span> <span class='ocrx_word' id='word_1_184' title='bbox 1202 2210 1600 2268; x_wconf 84' lang='lat' dir='ltr'><strong>fenestrarum</strong></span> <span class='ocrx_word' id='word_1_185' title='bbox 1635 2210 1893 2285; x_wconf 78' lang='lat' dir='ltr'><strong>Valvata,</strong></span> <span class='ocrx_word' id='word_1_186' title='bbox 1934 2211 2025 2269; x_wconf 90' lang='lat' dir='ltr'><strong>uti</strong></span> <span class='ocrx_word' id='word_1_187' title='bbox 2062 2211 2135 2268; x_wconf 91' lang='lat' dir='ltr'><strong>de</strong></span> <span class='ocrx_word' id='word_1_188' title='bbox 2171 2211 2341 2269; x_wconf 88' lang='lat' dir='ltr'><strong>lectis</strong></span> 
     </span>
     <span class='ocr_line' id='line_1_27' title="bbox 313 2298 2341 2375; baseline 0.001 -20"><span class='ocrx_word' id='word_1_189' title='bbox 313 2316 421 2373; x_wconf 90' lang='lat' dir='ltr'><strong>per</strong></span> <span class='ocrx_word' id='word_1_190' title='bbox 473 2298 673 2374; x_wconf 89' lang='lat' dir='ltr'><strong>spatia</strong></span> <span class='ocrx_word' id='word_1_191' title='bbox 725 2298 1120 2356; x_wconf 87' lang='lat' dir='ltr'><strong>fenestrarum</strong></span> <span class='ocrx_word' id='word_1_192' title='bbox 1173 2298 1389 2357; x_wconf 81' lang='lat' dir='ltr'><strong>viridia</strong></span> <span class='ocrx_word' id='word_1_193' title='bbox 1442 2300 1899 2375; x_wconf 88' lang='lat' dir='ltr'><strong>prospiciantur.</strong></span> <span class='ocrx_word' id='word_1_194' title='bbox 1996 2298 2341 2358; x_wconf 89' lang='lat' dir='ltr'><strong>altitudines</strong></span> 
     </span>
     <span class='ocr_line' id='line_1_28' title="bbox 317 2386 1953 2447; baseline 0 -2"><span class='ocrx_word' id='word_1_195' title='bbox 317 2405 522 2445; x_wconf 92' lang='lat' dir='ltr'><strong>eorum</strong></span> <span class='ocrx_word' id='word_1_196' title='bbox 567 2386 814 2444; x_wconf 89' lang='lat' dir='ltr'><strong>dimidia</strong></span> <span class='ocrx_word' id='word_1_197' title='bbox 859 2386 1194 2446; x_wconf 87' lang='lat' dir='ltr'><strong>latitudinis</strong></span> <span class='ocrx_word' id='word_1_198' title='bbox 1243 2386 1450 2445; x_wconf 89' lang='lat' dir='ltr'><strong>addita</strong></span> <span class='ocrx_word' id='word_1_199' title='bbox 1495 2389 1953 2447; x_wconf 89' lang='lat' dir='ltr'><strong>constituuntur.</strong></span> 
     </span>
    </p>

    <p class='ocr_par' dir='ltr' id='par_1_7' title="bbox 314 2468 2505 3005">
     <span class='ocr_line' id='line_1_29' title="bbox 453 2468 2478 2557; baseline 0.002 -24"><span class='ocrx_word' id='word_1_200' title='bbox 453 2468 462 2557; x_wconf 94' lang='grc' dir='ltr'>Ι</span> <span class='ocrx_word' id='word_1_201' title='bbox 501 2475 575 2533; x_wconf 91' lang='lat' dir='ltr'><strong>In</strong></span> <span class='ocrx_word' id='word_1_202' title='bbox 627 2476 720 2534; x_wconf 90' lang='lat' dir='ltr'><strong>his</strong></span> <span class='ocrx_word' id='word_1_203' title='bbox 769 2475 1169 2535; x_wconf 88' lang='lat' dir='ltr'><strong>aedificiorum</strong></span> <span class='ocrx_word' id='word_1_204' title='bbox 1223 2476 1536 2553; x_wconf 88' lang='lat' dir='ltr'><strong>generibus</strong></span> <span class='ocrx_word' id='word_1_205' title='bbox 1584 2496 1784 2537; x_wconf 89' lang='lat' dir='ltr'><strong>omnes</strong></span> <span class='ocrx_word' id='word_1_206' title='bbox 1842 2479 1982 2535; x_wconf 88' lang='lat' dir='ltr'><strong>sunt</strong></span> <span class='ocrx_word' id='word_1_207' title='bbox 2035 2476 2340 2536; x_wconf 87' lang='lat' dir='ltr'><strong>faciendae</strong></span> <span class='ocrx_word' id='word_1_208' title='bbox 2353 2491 2405 2530; x_wconf 77' lang='lat'><strong>25</strong></span> <span class='ocrx_word' id='word_1_209' title='bbox 2418 2490 2478 2539; x_wconf 84' lang='grc'><strong>(5)</strong></span> 
     </span>
     <span class='ocr_line' id='line_1_30' title="bbox 315 2566 2334 2642; baseline 0 -19"><span class='ocrx_word' id='word_1_210' title='bbox 315 2582 520 2623; x_wconf 88' lang='lat' dir='ltr'><strong>earum</strong></span> <span class='ocrx_word' id='word_1_211' title='bbox 573 2566 1052 2641; x_wconf 88' lang='lat' dir='ltr'><strong>symmetriarum</strong></span> <span class='ocrx_word' id='word_1_212' title='bbox 1104 2566 1365 2623; x_wconf 89' lang='lat' dir='ltr'><strong>rationes</strong></span> <span class='ocrx_word' id='word_1_213' title='bbox 1415 2584 1566 2641; x_wconf 91' lang='lat' dir='ltr'><strong>quae</strong></span> <span class='ocrx_word' id='word_1_214' title='bbox 1622 2566 1746 2625; x_wconf 87' lang='lat' dir='ltr'><strong>sine</strong></span> <span class='ocrx_word' id='word_1_215' title='bbox 1800 2566 2165 2642; x_wconf 87' lang='lat' dir='ltr'><strong>inpeditione</strong></span> <span class='ocrx_word' id='word_1_216' title='bbox 2216 2566 2334 2625; x_wconf 93' lang='lat' dir='ltr'><strong>loci</strong></span> 
     </span>
     <span class='ocr_line' id='line_1_31' title="bbox 314 2653 2343 2731; baseline 0 -20"><span class='ocrx_word' id='word_1_217' title='bbox 314 2653 445 2713; x_wconf 89' lang='lat' dir='ltr'><strong>fieri</strong></span> <span class='ocrx_word' id='word_1_218' title='bbox 507 2656 815 2731; x_wconf 85' lang='lat' dir='ltr'><strong>poterunt,</strong></span> <span class='ocrx_word' id='word_1_219' title='bbox 877 2655 1222 2730; x_wconf 90' lang='lat' dir='ltr'><strong>luminaque</strong></span> <span class='ocrx_word' id='word_1_220' title='bbox 1285 2654 1585 2730; x_wconf 91' lang='lat' dir='ltr'><strong>parietum</strong></span> <span class='ocrx_word' id='word_1_221' title='bbox 1649 2654 2062 2713; x_wconf 87' lang='lat' dir='ltr'><strong>altitudinibus</strong></span> <span class='ocrx_word' id='word_1_222' title='bbox 2118 2655 2169 2712; x_wconf 92' lang='lat' dir='ltr'><strong>si</strong></span> <span class='ocrx_word' id='word_1_223' title='bbox 2224 2672 2343 2714; x_wconf 88' lang='lat' dir='ltr'><strong>non</strong></span> 
     </span>
     <span class='ocr_line' id='line_1_32' title="bbox 318 2743 2341 2819; baseline -0 -17"><span class='ocrx_word' id='word_1_224' title='bbox 318 2743 812 2818; x_wconf 89' lang='lat' dir='ltr'><strong>obscurabuntur,</strong></span> <span class='ocrx_word' id='word_1_225' title='bbox 884 2744 1142 2802; x_wconf 85' lang='lat' dir='ltr'><strong>faciliter</strong></span> <span class='ocrx_word' id='word_1_226' title='bbox 1205 2746 1378 2802; x_wconf 89' lang='lat' dir='ltr'><strong>erunt</strong></span> <span class='ocrx_word' id='word_1_227' title='bbox 1442 2744 1760 2819; x_wconf 84' lang='lat' dir='ltr'><strong>explicata,</strong></span> <span class='ocrx_word' id='word_1_228' title='bbox 1833 2744 1925 2803; x_wconf 90' lang='lat' dir='ltr'><strong>sin</strong></span> <span class='ocrx_word' id='word_1_229' title='bbox 1988 2745 2191 2802; x_wconf 90' lang='lat' dir='ltr'><strong>autem</strong></span> <span class='ocrx_word' id='word_1_230' title='bbox 2253 2744 2341 2801; x_wconf 87' lang='lat' dir='ltr'><strong>in-</strong></span> 
     </span>
     <span class='ocr_line' id='line_1_33' title="bbox 316 2832 2345 2911; baseline 0 -20"><span class='ocrx_word' id='word_1_231' title='bbox 316 2833 631 2908; x_wconf 89' lang='lat' dir='ltr'><strong>pedientur</strong></span> <span class='ocrx_word' id='word_1_232' title='bbox 684 2832 759 2890; x_wconf 90' lang='lat' dir='ltr'><strong>ab</strong></span> <span class='ocrx_word' id='word_1_233' title='bbox 816 2833 1110 2911; x_wconf 87' lang='lat' dir='ltr'><strong>angustiis</strong></span> <span class='ocrx_word' id='word_1_234' title='bbox 1166 2835 1272 2890; x_wconf 91' lang='lat' dir='ltr'><strong>aut</strong></span> <span class='ocrx_word' id='word_1_235' title='bbox 1328 2833 1461 2891; x_wconf 84' lang='lat' dir='ltr'><strong>aliis</strong></span> <span class='ocrx_word' id='word_1_236' title='bbox 1507 2832 1986 2907; x_wconf 82' lang='lat' dir='ltr'><strong>necessitatibuS,</strong></span> <span class='ocrx_word' id='word_1_237' title='bbox 2040 2835 2182 2891; x_wconf 90' lang='lat' dir='ltr'><strong>tunc</strong></span> <span class='ocrx_word' id='word_1_238' title='bbox 2230 2834 2345 2891; x_wconf 91' lang='lat' dir='ltr'><strong>erit</strong></span> 
     </span>
     <span class='ocr_line' id='line_1_34' title="bbox 317 2916 2505 3005; baseline -0.003 -26"><span class='ocrx_word' id='word_1_239' title='bbox 317 2925 386 2979; x_wconf 92' lang='lat' dir='ltr'><strong>ut</strong></span> <span class='ocrx_word' id='word_1_240' title='bbox 447 2921 686 3005; x_wconf 87' lang='lat' dir='ltr'><strong>ingenio</strong></span> <span class='ocrx_word' id='word_1_241' title='bbox 753 2925 812 2979; x_wconf 90' lang='lat' dir='ltr'><strong>et</strong></span> <span class='ocrx_word' id='word_1_242' title='bbox 875 2922 1143 2980; x_wconf 85' lang='lat' dir='ltr'><strong>acumine</strong></span> <span class='ocrx_word' id='word_1_243' title='bbox 1205 2920 1277 2980; x_wconf 88' lang='lat' dir='ltr'><strong>de</strong></span> <span class='ocrx_word' id='word_1_244' title='bbox 1317 2916 1326 3000; x_wconf 97' lang='grc' dir='ltr'>Ι</span> <span class='ocrx_word' id='word_1_245' title='bbox 1370 2922 1728 2997; x_wconf 88' lang='lat' dir='ltr'><strong>symmetriis</strong></span> <span class='ocrx_word' id='word_1_246' title='bbox 1784 2922 2179 2981; x_wconf 88' lang='lat' dir='ltr'><strong>detractiones</strong></span> <span class='ocrx_word' id='word_1_247' title='bbox 2236 2924 2505 2985; x_wconf 73' lang='lat' dir='ltr'><strong>autaouo)</strong></span> 
     </span>
    </p>
   </div>
   <div class='ocr_carea' id='block_1_6' title="bbox 363 3056 742 3064">
    <p class='ocr_par' dir='ltr' id='par_1_8' title="bbox 363 3056 742 3064">
     <span class='ocr_line' id='line_1_35' title="bbox 363 3056 742 3064; baseline 0 863"><span class='ocrx_word' id='word_1_248' title='bbox 363 3056 742 3064; x_wconf 95' lang='lat' dir='ltr'><strong> </strong></span> 
     </span>
    </p>
   </div>
   <div class='ocr_carea' id='block_1_7' title="bbox 319 3124 2347 3619">
    <p class='ocr_par' dir='ltr' id='par_1_9' title="bbox 319 3124 2347 3619">
     <span class='ocr_line' id='line_1_36' title="bbox 459 3124 2345 3196; baseline 0.002 -16"><span class='ocrx_word' id='word_1_249' title='bbox 459 3133 495 3180; x_wconf 83' lang='lat'>4</span> <span class='ocrx_word' id='word_1_250' title='bbox 529 3124 745 3180; x_wconf 90' lang='lat' dir='ltr'><strong>habent</strong></span> <span class='ocrx_word' id='word_1_251' title='bbox 777 3143 820 3180; x_wconf 79' lang='lat' dir='ltr'><strong><em>x</em></strong></span> <span class='ocrx_word' id='word_1_252' title='bbox 854 3128 1034 3195; x_wconf 83' lang='lat' dir='ltr'><strong>(-eant</strong></span> <span class='ocrx_word' id='word_1_253' title='bbox 1061 3128 1150 3196; x_wconf 91' lang='lat' dir='ltr'><strong>L).</strong></span> <span class='ocrx_word' id='word_1_254' title='bbox 1206 3129 1225 3196; x_wconf 88' lang='grc' dir='ltr'><strong>ΙΙ</strong></span> <span class='ocrx_word' id='word_1_255' title='bbox 1281 3132 1345 3180; x_wconf 89' lang='grc'><strong>11</strong></span> <span class='ocrx_word' id='word_1_256' title='bbox 1387 3125 1707 3181; x_wconf 83' lang='lat' dir='ltr'><strong>circumitus</strong></span> <span class='ocrx_word' id='word_1_257' title='bbox 1738 3126 1824 3181; x_wconf 89' lang='lat' dir='ltr'><strong>H:</strong></span> <span class='ocrx_word' id='word_1_258' title='bbox 1864 3126 2130 3181; x_wconf 86' lang='lat' dir='ltr'><strong>circuitus</strong></span> <span class='ocrx_word' id='word_1_259' title='bbox 2173 3127 2287 3183; x_wconf 73' lang='lat' dir='ltr'><strong>GS.</strong></span> <span class='ocrx_word' id='word_1_260' title='bbox 2326 3128 2345 3193; x_wconf 66' lang='lat' dir='ltr'><strong>fl!</strong></span> 
     </span>
     <span class='ocr_line' id='line_1_37' title="bbox 320 3196 2347 3271; baseline 0.002 -21"><span class='ocrx_word' id='word_1_261' title='bbox 320 3204 384 3251; x_wconf 86' lang='lat'><strong>13</strong></span> <span class='ocrx_word' id='word_1_262' title='bbox 424 3196 680 3269; x_wconf 72' lang='lat' dir='ltr'><strong>columne</strong></span> <span class='ocrx_word' id='word_1_263' title='bbox 710 3196 772 3251; x_wconf 82' lang='lat' dir='ltr'><strong>S:</strong></span> <span class='ocrx_word' id='word_1_264' title='bbox 812 3214 912 3250; x_wconf 88' lang='lat' dir='ltr'><strong>—na</strong></span> <span class='ocrx_word' id='word_1_265' title='bbox 941 3196 1010 3250; x_wconf 89' lang='lat' dir='ltr'><strong>H</strong></span> <span class='ocrx_word' id='word_1_266' title='bbox 1018 3199 1082 3252; x_wconf 78' lang='lat' dir='ltr'><strong>G.</strong></span> <span class='ocrx_word' id='word_1_267' title='bbox 1137 3200 1155 3268; x_wconf 87' lang='grc' dir='ltr'><strong>ΙΙ</strong></span> <span class='ocrx_word' id='word_1_268' title='bbox 1208 3203 1272 3250; x_wconf 82' lang='grc'>17</span> <span class='ocrx_word' id='word_1_269' title='bbox 1310 3196 1409 3250; x_wconf 93' lang='lat' dir='ltr'><strong>Hii</strong></span> <span class='ocrx_word' id='word_1_270' title='bbox 1438 3198 1514 3252; x_wconf 91' lang='lat' dir='ltr'><strong>H.</strong></span> <span class='ocrx_word' id='word_1_271' title='bbox 1567 3201 1575 3267; x_wconf 92' lang='grc' dir='ltr'>Ι</span> <span class='ocrx_word' id='word_1_272' title='bbox 1626 3196 1736 3267; x_wconf 89' lang='lat' dir='ltr'><strong>cy(i</strong></span> <span class='ocrx_word' id='word_1_273' title='bbox 1766 3197 2081 3267; x_wconf 80' lang='lat' dir='ltr'><strong>S)zicenos:</strong></span> <span class='ocrx_word' id='word_1_274' title='bbox 2118 3201 2199 3254; x_wconf 79' lang='lat' dir='ltr'><strong>sic</strong></span> <span class='ocrx_word' id='word_1_275' title='bbox 2233 3216 2289 3254; x_wconf 77' lang='lat' dir='ltr'><strong>x.</strong></span> <span class='ocrx_word' id='word_1_276' title='bbox 2326 3198 2347 3271; x_wconf 86' lang='grc' dir='ltr'><strong>ΙΙ</strong></span> 
     </span>
     <span class='ocr_line' id='line_1_38' title="bbox 322 3266 2341 3342; baseline 0.003 -23"><span class='ocrx_word' id='word_1_277' title='bbox 322 3272 384 3321; x_wconf 88' lang='grc'>19</span> <span class='ocrx_word' id='word_1_278' title='bbox 424 3267 625 3321; x_wconf 83' lang='lat' dir='ltr'><strong>valbas</strong></span> <span class='ocrx_word' id='word_1_279' title='bbox 663 3267 788 3321; x_wconf 84' lang='lat' dir='ltr'><strong>HS.</strong></span> <span class='ocrx_word' id='word_1_280' title='bbox 841 3268 850 3337; x_wconf 90' lang='grc' dir='ltr'>Ι</span> <span class='ocrx_word' id='word_1_281' title='bbox 899 3266 1112 3322; x_wconf 89' lang='lat' dir='ltr'><strong>habent</strong></span> <span class='ocrx_word' id='word_1_282' title='bbox 1149 3268 1283 3324; x_wconf 85' lang='lat' dir='ltr'><strong>HS:</strong></span> <span class='ocrx_word' id='word_1_283' title='bbox 1322 3267 1597 3324; x_wconf 87' lang='lat' dir='ltr'><strong>habentes</strong></span> <span class='ocrx_word' id='word_1_284' title='bbox 1640 3268 1705 3323; x_wconf 74' lang='lat' dir='ltr'><strong>G.</strong></span> <span class='ocrx_word' id='word_1_285' title='bbox 1751 3271 1772 3339; x_wconf 84' lang='grc' dir='ltr'><strong>ΙΙ</strong></span> <span class='ocrx_word' id='word_1_286' title='bbox 1817 3274 1887 3322; x_wconf 90' lang='grc'><strong>20</strong></span> <span class='ocrx_word' id='word_1_287' title='bbox 1923 3286 2051 3325; x_wconf 88' lang='lat' dir='ltr'><strong>cum</strong></span> <span class='ocrx_word' id='word_1_288' title='bbox 2086 3286 2188 3324; x_wconf 87' lang='lat' dir='ltr'><strong>om.</strong></span> <span class='ocrx_word' id='word_1_289' title='bbox 2221 3270 2288 3325; x_wconf 76' lang='lat' dir='ltr'><strong>G.</strong></span> <span class='ocrx_word' id='word_1_290' title='bbox 2332 3270 2341 3342; x_wconf 88' lang='grc' dir='ltr'>Ι</span> 
     </span>
     <span class='ocr_line' id='line_1_39' title="bbox 319 3336 2341 3409; baseline 0.004 -22"><span class='ocrx_word' id='word_1_291' title='bbox 319 3337 741 3392; x_wconf 86' lang='lat' dir='ltr'><strong>circuitionibus</strong></span> <span class='ocrx_word' id='word_1_292' title='bbox 779 3338 824 3393; x_wconf 78' lang='lat' dir='ltr'><strong><em>S</em></strong></span> <span class='ocrx_word' id='word_1_293' title='bbox 855 3336 1110 3405; x_wconf 90' lang='lat' dir='ltr'><strong>(circum-</strong></span> <span class='ocrx_word' id='word_1_294' title='bbox 1147 3339 1236 3407; x_wconf 91' lang='lat' dir='ltr'><strong>H,</strong></span> <span class='ocrx_word' id='word_1_295' title='bbox 1282 3338 1456 3393; x_wconf 63' lang='lat' dir='ltr'><strong>circi-1·</strong></span> <span class='ocrx_word' id='word_1_296' title='bbox 1499 3339 1586 3409; x_wconf 73' lang='lat' dir='ltr'><strong>G).</strong></span> <span class='ocrx_word' id='word_1_297' title='bbox 1641 3342 1662 3409; x_wconf 84' lang='grc' dir='ltr'><strong>ΙΙ</strong></span> <span class='ocrx_word' id='word_1_298' title='bbox 1714 3346 1781 3393; x_wconf 88' lang='grc'><strong>22</strong></span> <span class='ocrx_word' id='word_1_299' title='bbox 1821 3343 1992 3409; x_wconf 87' lang='lat' dir='ltr'><strong>atque</strong></span> <span class='ocrx_word' id='word_1_300' title='bbox 2038 3348 2165 3395; x_wconf 71' lang='lat' dir='ltr'><strong>ante</strong></span> <span class='ocrx_word' id='word_1_301' title='bbox 2206 3358 2341 3396; x_wconf 80' lang='lat' dir='ltr'><strong>corr.</strong></span> 
     </span>
     <span class='ocr_line' id='line_1_40' title="bbox 321 3406 2344 3481; baseline 0.004 -23"><span class='ocrx_word' id='word_1_302' title='bbox 321 3406 396 3459; x_wconf 88' lang='lat' dir='ltr'><strong>H.</strong></span> <span class='ocrx_word' id='word_1_303' title='bbox 431 3414 440 3471; x_wconf 87' lang='grc' dir='ltr'>ι</span> <span class='ocrx_word' id='word_1_304' title='bbox 469 3409 508 3461; x_wconf 86' lang='lat' dir='ltr'><strong>f.</strong></span> <span class='ocrx_word' id='word_1_305' title='bbox 547 3408 753 3463; x_wconf 82' lang='lat' dir='ltr'><strong>viridia</strong></span> <span class='ocrx_word' id='word_1_306' title='bbox 789 3407 1023 3463; x_wconf 86' lang='lat' dir='ltr'><strong>valvata</strong></span> <span class='ocrx_word' id='word_1_307' title='bbox 1059 3410 1143 3463; x_wconf 92' lang='lat' dir='ltr'><strong>uti</strong></span> <span class='ocrx_word' id='word_1_308' title='bbox 1179 3428 1234 3465; x_wconf 79' lang='lat' dir='ltr'><strong>x.</strong></span> <span class='ocrx_word' id='word_1_309' title='bbox 1274 3413 1288 3477; x_wconf 79' lang='grc' dir='ltr'>Ι</span> <span class='ocrx_word' id='word_1_310' title='bbox 1325 3410 1517 3466; x_wconf 86' lang='lat' dir='ltr'><strong>lectis:</strong></span> <span class='ocrx_word' id='word_1_311' title='bbox 1556 3410 1723 3465; x_wconf 85' lang='lat' dir='ltr'><strong>tectis</strong></span> <span class='ocrx_word' id='word_1_312' title='bbox 1760 3429 1815 3467; x_wconf 81' lang='lat' dir='ltr'><strong>x.</strong></span> <span class='ocrx_word' id='word_1_313' title='bbox 1858 3414 1877 3481; x_wconf 88' lang='grc' dir='ltr'><strong>ΙΙ</strong></span> <span class='ocrx_word' id='word_1_314' title='bbox 1919 3416 1985 3465; x_wconf 87' lang='grc'><strong>23</strong></span> <span class='ocrx_word' id='word_1_315' title='bbox 2026 3411 2344 3467; x_wconf 88' lang='lat' dir='ltr'><strong>altitudinis</strong></span> 
     </span>
     <span class='ocr_line' id='line_1_41' title="bbox 320 3476 2345 3553; baseline 0.005 -27"><span class='ocrx_word' id='word_1_316' title='bbox 320 3476 390 3526; x_wconf 86' lang='lat' dir='ltr'><strong>H</strong></span> <span class='ocrx_word' id='word_1_317' title='bbox 419 3478 560 3543; x_wconf 70' lang='lat' dir='ltr'><strong>(mes</strong></span> <span class='ocrx_word' id='word_1_318' title='bbox 593 3479 738 3547; x_wconf 76' lang='lat' dir='ltr'><strong>GS).</strong></span> <span class='ocrx_word' id='word_1_319' title='bbox 791 3482 810 3549; x_wconf 85' lang='grc' dir='ltr'><strong>ΙΙ</strong></span> <span class='ocrx_word' id='word_1_320' title='bbox 865 3484 932 3533; x_wconf 85' lang='grc'><strong>26</strong></span> <span class='ocrx_word' id='word_1_321' title='bbox 971 3495 1164 3533; x_wconf 90' lang='lat' dir='ltr'><strong>earum</strong></span> <span class='ocrx_word' id='word_1_322' title='bbox 1194 3482 1461 3551; x_wconf 71' lang='lat' dir='ltr'><strong>HS(G0).·</strong></span> <span class='ocrx_word' id='word_1_323' title='bbox 1508 3482 1647 3536; x_wconf 73' lang='lat' dir='ltr'><strong>eade</strong></span> <span class='ocrx_word' id='word_1_324' title='bbox 1694 3488 1821 3537; x_wconf 82' lang='lat' dir='ltr'><strong>ante</strong></span> <span class='ocrx_word' id='word_1_325' title='bbox 1857 3498 1992 3539; x_wconf 83' lang='lat' dir='ltr'><strong>corr.</strong></span> <span class='ocrx_word' id='word_1_326' title='bbox 2026 3484 2093 3539; x_wconf 75' lang='lat' dir='ltr'><strong>G.</strong></span> <span class='ocrx_word' id='word_1_327' title='bbox 2145 3485 2155 3553; x_wconf 91' lang='grc' dir='ltr'>Ι</span> <span class='ocrx_word' id='word_1_328' title='bbox 2204 3482 2345 3537; x_wconf 89' lang='lat' dir='ltr'><strong>locis</strong></span> 
     </span>
     <span class='ocr_line' id='line_1_42' title="bbox 319 3547 1841 3619; baseline 0.009 -24"><span class='ocrx_word' id='word_1_329' title='bbox 319 3559 374 3596; x_wconf 80' lang='lat' dir='ltr'><strong>x.</strong></span> <span class='ocrx_word' id='word_1_330' title='bbox 421 3547 439 3612; x_wconf 82' lang='grc' dir='ltr'><strong>ΙΙ</strong></span> <span class='ocrx_word' id='word_1_331' title='bbox 484 3552 551 3598; x_wconf 88' lang='grc'><strong>28</strong></span> <span class='ocrx_word' id='word_1_332' title='bbox 589 3548 756 3603; x_wconf 89' lang='lat' dir='ltr'><strong>facile</strong></span> <span class='ocrx_word' id='word_1_333' title='bbox 785 3551 838 3606; x_wconf 81' lang='lat' dir='ltr'><strong>S.</strong></span> <span class='ocrx_word' id='word_1_334' title='bbox 885 3552 904 3619; x_wconf 82' lang='grc' dir='ltr'><strong>ΙΙ</strong></span> <span class='ocrx_word' id='word_1_335' title='bbox 950 3556 1016 3604; x_wconf 86' lang='grc'><strong>29</strong></span> <span class='ocrx_word' id='word_1_336' title='bbox 1054 3554 1190 3606; x_wconf 87' lang='lat' dir='ltr'><strong>tunc</strong></span> <span class='ocrx_word' id='word_1_337' title='bbox 1227 3552 1336 3605; x_wconf 88' lang='lat' dir='ltr'><strong>erit</strong></span> <span class='ocrx_word' id='word_1_338' title='bbox 1367 3554 1441 3608; x_wconf 76' lang='lat' dir='ltr'><strong>G:</strong></span> <span class='ocrx_word' id='word_1_339' title='bbox 1479 3553 1687 3608; x_wconf 89' lang='lat' dir='ltr'><strong>tenerit</strong></span> <span class='ocrx_word' id='word_1_340' title='bbox 1715 3553 1783 3608; x_wconf 91' lang='lat' dir='ltr'><strong>H</strong></span> <span class='ocrx_word' id='word_1_341' title='bbox 1788 3554 1841 3609; x_wconf 78' lang='lat' dir='ltr'><strong>S.</strong></span> 
     </span>
    </p>
   </div>
  </div>
 </body>
</html>
