2664 3927
351 126 438 189 46
1196 124 1523 189 VITRUVII

281 292 312 337 2
350 268 662 347 reticulata
707 278 1013 353 praestant
1057 278 1429 333 structuram.
1518 278 1769 351 utraque
1815 278 2015 337 autem
2058 296 2128 337 ex
2171 277 2361 335 minu-

348 356 610 446 tislsimis
666 366 805 435 sunt
853 364 1198 429 instruenda
1211 408 1227 439 ‚
1280 365 1370 423 uti
1416 364 1664 433 materia
1710 383 1780 423 ex
1824 365 1983 423 calce
2029 368 2090 437 et
2141 366 2363 437 harena
2380 374 2470 427 (2⁵)

352 453 633 512 crebriter
675 453 932 532 parietes
979 452 1181 517 satiati
1224 451 1447 512 diutius
1492 453 1919 525 contineantur.
1991 453 2161 527 molli
2206 454 2361 513 enim

350 546 410 601 et
461 561 597 601 rare¹
652 544 948 617 potestate
1006 560 1138 602 cum
1192 541 1337 615 sint,
1392 542 1685 601 exsiccant
1738 541 1998 619 sugendo
2045 560 2077 600 e
2112 544 2362 606 materia

355 649 578 689 sucum.
657 649 791 699 cum
836 632 1034 691 autem
1079 629 1371 707 superarit
1414 632 1475 691 et
1510 628 1823 690 abundarit
1866 631 2036 706 copia.
2081 631 2259 690 calcis
2303 634 2363 689 et
2380 648 2415 705 ,5

346 719 620 793 harenae,
665 718 861 794 peries
905 719 1040 793 plus
1083 717 1303 777 habens
1350 719 1569 777 umoris
1609 736 1727 791 non
1764 718 1881 777 cito
1917 718 2021 777 fiet
2058 719 2361 793 evanidus,

347 808 450 867 sed
505 806 578 865 ab
631 807 724 873 his
775 798 784 887 Ι
833 807 1183 865 continetur.
1275 806 1451 865 simul
1506 810 1707 867 autem
1758 807 1960 880 umida
2011 810 2277 884 potestas
2328 827 2359 866 e
2388 812 2461 869 Η

343 895 596 954 materia
639 914 748 971 per
793 898 1228 956 caementorum
1271 896 1580 963 raritatem
1615 895 1799 953 fuerit
1835 898 2073 967 exsucta.
2109 896 2357 971 calxque

349 984 420 1043 ab
483 984 706 1053 harena.
769 983 1031 1043 discedat
1093 986 1154 1042 et
1217 982 1601 1051 dissolvatur,
1664 984 1811 1041 item
1872 987 2175 1059 caementa.
2236 1004 2357 1053 non

345 1075 595 1149 possunt
658 1091 793 1131 cum
851 1072 944 1131 his
1007 1073 1342 1147 cohaerere,
1407 1072 1507 1131 sed
1568 1071 1633 1129 in
1686 1074 2044 1131 vetustatem
2099 1074 2356 1148 parietes
2386 1094 2440 1144 ιο

277 1173 308 1221 3
348 1160 611 1221 efficiunt
662 1161 946 1221 ruinosos.
1045 1161 1108 1219 id
1147 1155 1156 1237 Ι
1197 1164 1395 1220 autem
1457 1160 1599 1219 licet
1654 1160 2118 1230 animadvertere
2174 1161 2356 1231 etiam
2374 1172 2437 1224 (⁵)

345 1249 418 1307 de
463 1250 760 1310 nonnullis
807 1250 1227 1324 monumentis,
1285 1267 1437 1325 quae
1486 1249 1641 1307 circa
1684 1248 1889 1309 urbem
1932 1250 2095 1309 facta
2140 1253 2280 1321 sunt
2324 1271 2357 1321 e

343 1355 636 1397 marmore
681 1356 784 1399 seu
829 1337 1124 1414 lapidibus
1162 1338 1467 1413 quadratis
1503 1338 1971 1413 intrinsecusque
2005 1338 2200 1398 medio
2238 1340 2356 1397 cal-

345 1429 480 1488 cata
533 1426 870 1501 structuriS,
923 1428 1221 1486 vetustate
1275 1426 1526 1487 evanida
1578 1427 1740 1487 facta
1792 1426 2045 1488 materia
2091 1445 2354 1497 caemen-

343 1518 655 1589 torumque
703 1517 940 1573 exsucta
982 1513 1256 1588 raritate,
1310 1517 1601 1591 proruunt
1646 1518 1705 1581 et
1751 1518 2230 1592 coagmentorum
2276 1516 2351 1575 ab
2383 1535 2437 1577 15

275 1620 308 1665 4
347 1604 520 1663 ruina
565 1603 867 1661 dissolutis
913 1602 1198 1660 iuncturis
1245 1594 1641 1684 dissilpantur.
1716 1604 1926 1681 quodsi
1962 1604 2063 1679 qui
2098 1606 2357 1671 noluerit
2374 1616 2463 1667 (1⁰)

340 1692 404 1751 in
448 1692 513 1752 id
547 1692 761 1750 vitium
805 1690 1078 1765 incidere,
1121 1690 1314 1749 medio
1352 1709 1497 1751 cavo
1534 1695 1767 1761 servato
1804 1693 2121 1765 secundum
2158 1694 2354 1768 ortho-

342 1782 550 1855 statas,
594 1780 946 1839 intrinsecus
987 1798 1057 1837 ex
1091 1778 1268 1839 rubro
1305 1797 1447 1840 saxo
1485 1780 1775 1856 quadrato
1812 1784 1919 1847 aut
1954 1800 2023 1853 ex
2058 1784 2213 1844 testa
2250 1785 2357 1844 aut

343 1887 412 1925 ex
466 1866 728 1940 silicibus
784 1867 1098 1939 ordinariis
1153 1870 1347 1937 struat
1400 1868 1701 1945 bipedales
1760 1870 2043 1945 parietes,
2106 1873 2167 1929 et
2222 1889 2356 1930 cum

340 1956 434 2015 his
481 1956 638 2016 ansis
684 1956 887 2016 ferreis
936 1958 996 2015 et
1037 1955 1282 2033 plumbo
1325 1958 1549 2018 frontes
1586 1958 1820 2033 vinctae
1858 1958 1994 2018 sint.
2070 1959 2160 2032 ita
2197 1959 2355 2018 enim
2380 1980 2435 2020 πο

339 2064 458 2107 non
503 2045 826 2114 acervatim
869 2045 972 2106 sed
1009 2045 1212 2106 ordine
1247 2048 1537 2116 structum
1576 2043 1584 2126 Ι
1626 2067 1771 2124 opus
1808 2048 2030 2124 poterit
2066 2067 2189 2114 esse
2226 2049 2353 2120 sine
2371 2059 2459 2110 (15)

338 2134 487 2194 vitio
534 2134 972 2212 sempiternum,
1018 2134 1176 2210 quod
1220 2135 1439 2210 cubilis.
1480 2138 1540 2194 et
1576 2138 1924 2212 coagmenta
1961 2155 2162 2210 eorum
2196 2137 2354 2196 inter

340 2241 400 2282 se
447 2222 711 2284 sedentia
758 2225 818 2280 et
868 2223 1156 2284 iuncturis
1201 2224 1453 2300 alligata
1498 2244 1618 2284 non
1661 2225 2012 2300 protrudent
2058 2243 2205 2300 opus
2250 2244 2349 2284 ne-

341 2330 453 2386 que
501 2311 862 2373 orthostatas
905 2311 1064 2383 inter
1107 2329 1169 2373 se
1213 2313 1498 2390 religatos
1544 2312 1667 2373 labi
1710 2313 2036 2390 patiuntur.

269 2413 302 2462 5
470 2399 683 2475 Itaque
719 2418 838 2459 non
875 2402 964 2460 est
1000 2401 1425 2468 contemnenda
1454 2399 1811 2478 Graecorum
1845 2403 2157 2471 structura.
2229 2421 2349 2461 non
2377 2421 2431 2462 25

343 2480 530 2570 {enim
573 2491 824 2546 utuntur
870 2507 901 2546 e
944 2489 1112 2549 molli
1153 2493 1457 2560 caemento
1494 2492 1789 2561 structura
1824 2490 2033 2570 polita,
2078 2490 2182 2553 sed
2218 2509 2352 2564 cum
2368 2500 2455 2553 (20)

339 2577 731 2650 discesserunt
775 2596 812 2647 e.
859 2575 1167 2653 quadrato,
1210 2581 1442 2654 ponunt
1486 2577 1557 2648 de
1602 2579 1767 2646 silice
1812 2597 1914 2641 seu
1957 2579 2159 2654 lapide
2204 2579 2349 2650 duro

339 2666 636 2725 ordinaria
649 2711 664 2742 ,
727 2668 788 2726 et
850 2667 938 2724 ita.
998 2666 1090 2736 uti
1148 2666 1418 2738 latericia,
1483 2670 1771 2742 struentes
1836 2667 2091 2742 alligant
2149 2687 2350 2737 eorum

477 2911 508 2958 2
554 2905 719 2960 rebus
765 2907 912 2974 (ante
957 2907 1106 2974 sunt)
1151 2906 1276 2960 add.
1315 2904 1370 2960 S.
1430 2906 1439 2970 Ι
1498 2906 1555 2959 et
1587 2903 1859 2959 inharena
1904 2912 2031 2960 ante
2069 2923 2179 2961 ras.
2223 2907 2288 2962 G.
2327 2906 2347 2978 ΙΙ

335 2982 370 3030 4
407 2993 436 3030 e
464 2976 616 3032 HG:
655 2992 690 3029 a
717 2975 770 3030 S.
800 2978 818 3046 ΙΙ
847 2981 879 3028 6
913 2975 1123 3047 paries:
1160 2976 1350 3046 partes
1379 2975 1449 3029 H
1467 2981 1518 3030 et
1554 2977 1674 3046 (ips.
1704 2977 1766 3029 in
1800 2979 1992 3046 mary.)
2021 2975 2205 3047 809⁶),
2244 2976 2342 3030 ·tis

337 3049 401 3102 G.
431 3049 451 3116 ΙΙ
479 3052 507 3099 7
538 3046 587 3100 si
623 3048 771 3114 (a‘nte
804 3047 1054 3117 humida.)
1083 3049 1210 3104 add.
1241 3047 1293 3102 S.
1322 3047 1343 3115 ΙΙ
1370 3051 1402 3098 8
1440 3049 1637 3113 exsuta
1664 3047 1732 3105 H
1738 3047 1808 3115 G,
1842 3049 2013 3110 exuta
2040 3048 2093 3110 S„
2122 3049 2141 3116 ΙΙ
2169 3052 2201 3111 9
2231 3045 2344 3100 dis-

336 3118 501 3172 cedat
545 3120 656 3188 (sed
699 3120 800 3186 ips.
848 3135 983 3174 corr.
1024 3117 1114 3187 -it)
1162 3120 1222 3175 et
1265 3116 1592 3173 dissolvitur
1628 3117 1681 3173 S.
1736 3119 1755 3188 Ι]
1812 3123 1875 3182 11
1913 3115 2167 3172 ruinosos
2205 3116 2275 3185 ῌ
2278 3117 2343 3172 S:

334 3187 566 3242 rimosos
597 3189 660 3242 G.
700 3190 718 3258 ΙΙ
757 3193 822 3242 15
861 3191 1143 3246 exstructa
1177 3206 1233 3244 ω.
1271 3191 1290 3258 ΙΙ
1329 3193 1394 3241 16
1434 3187 1530 3257 qui
1560 3189 1705 3248 HG:
1755 3188 1881 3256 quis
1918 3189 1971 3245 S.
2001 3191 2021 3260 ΙΙ
2050 3194 2113 3243 17
2153 3185 2343 3242 orcho-

337 3261 516 3314 statas
545 3257 661 3314 HS
693 3260 898 3330 (ortho-
931 3259 1016 3329 G).
1071 3261 1092 3333 ΙΙ
1145 3265 1210 3313 21
1261 3258 1511 3324 acer-vati
1546 3277 1600 3322 x.
1656 3262 1677 3328 ΙΙ
1730 3265 1797 3324 24
1834 3261 1954 3318 orto
2005 3261 2187 3323 statas
2221 3259 2288 3324 H
2296 3259 2347 3316 G

336 3329 543 3394 (ortho-
572 3329 654 3398 S).
683 3331 702 3400 ΙΙ
731 3334 798 3384 25
834 3347 949 3384 non
983 3329 1132 3384 enim
1163 3329 1216 3384 G
1251 3332 1322 3399 (et
1354 3332 1449 3406 qui
1483 3331 1599 3400 ipse
1634 3332 1793 3394 addit
1811 3337 1939 3400 post
1964 3331 2124 3400 finem
2151 3332 2345 3398 limae)

337 3396 402 3450 Sz
441 3415 536 3454 om.
568 3399 645 3453 H.
673 3405 693 3468 ιΙ
721 3405 788 3454 26
826 3402 1106 3455 structura.
1137 3401 1211 3460 G=
1249 3418 1349 3456 cm.
1381 3399 1503 3458 HS.
1542 3405 1561 3470 ΙΙ
1598 3406 1663 3454 27
1703 3400 2077 3459 discesserunt
2112 3403 2246 3471 (ser
2278 3401 2345 3473 S)

340 3465 474 3521 HS:
514 3468 649 3522 -rint
680 3471 745 3524 G.
779 3470 788 3542 Ι
818 3469 1032 3539 lapide:
1072 3471 1140 3524 de
1177 3471 1369 3540 lapide
1397 3471 1451 3525 S.
