2664 3927
723 234 819 289 DE
858 234 1417 289 ARCmTEOTURA
1451 234 1584 288 LIB.
1624 234 1742 303 VH,
1781 238 1812 287 5
2151 234 2274 297 171

256 386 570 461 signantur
622 384 1142 463 megalographiae
1192 384 1478 444 habentes
1525 384 1768 444 deorum
1813 384 2129 443 simulacra
2173 404 2277 445 seu

131 484 235 537 (20)
254 473 593 533 fabularum
658 473 975 550 dispositas
1018 468 1025 551 Ι
1068 474 1514 549 explicationeS‚
1572 493 1692 533 non
1749 474 1946 531 minus
2010 473 2276 533 troianas

254 582 485 639 pugnas
550 583 653 623 seu
706 562 900 621 Ulixis
954 563 1277 621 errationes
1330 582 1438 638 per
1490 561 1658 640 topia
1671 608 1685 637 ‚
1749 565 2060 637 ceteraque
2121 560 2276 637 quae

256 655 394 710 sunt
457 671 663 711 eorum
725 649 1014 710 similibus
1076 651 1408 711 rationibus
1472 652 1547 710 ab
1611 671 1809 711 rerum
1866 653 2082 710 natura
2139 669 2272 726 pro-

108 748 234 803 173
255 743 471 799 creata.
546 740 648 799 sed
679 740 825 799 haec
854 758 1005 815 quae
1033 758 1104 798 ex
1130 740 1284 799 veris
1326 732 1336 820 Ι
1375 740 1548 799 rebus
1578 741 1846 817 exempla
1875 739 2276 815 sumebantur,
2312 749 2343 795 3

201 850 227 889 6
254 848 411 888 nunc
446 830 668 905 iniquis
703 827 966 888 moribus
1002 827 1409 903 inprobantur.
1480 848 1621 887 nam
1657 830 1984 906 pinguntur
2011 829 2275 888 tectoriis

253 920 521 977 monstra
560 918 761 993 potius
801 935 981 992 quam
1018 936 1087 975 ex
1122 916 1296 975 rebus
1332 916 1518 976 finitis
1554 918 1842 994 imagines
1880 920 2092 977 certae.
2164 937 2273 994 pro

254 1006 541 1065 columnis
580 1006 737 1064 enim
772 1008 1116 1064 statuuntur
1143 1005 1378 1079 calami,
1413 1024 1520 1080 pro
1558 1007 1818 1083 fastigiis
1856 1008 2274 1084 appagineculi

170 1105 233 1156 (5)
254 1093 452 1154 striati
496 1112 631 1152 cum
668 1095 873 1170 crispis
919 1094 1079 1153 foliis
1118 1097 1179 1153 et
1213 1094 1453 1167 volutis,
1495 1088 1502 1171 Ι
1542 1094 1688 1152 item
1723 1094 2078 1153 candelabra
2115 1095 2274 1154 aedi-

166 1204 223 1243 ιο
252 1184 523 1242 cularum
560 1181 913 1243 sustinentia
948 1182 1187 1260 figuras,
1224 1201 1408 1257 supra
1440 1182 1684 1259 fastigia
1722 1202 1926 1241 earum
1966 1187 2272 1259 surgentes

251 1290 323 1331 ex
366 1271 662 1331 radicibus
700 1292 833 1331 cum
869 1272 1087 1331 volutis
1124 1266 1488 1348 <cauliculi>
1525 1271 1715 1329 teneri
1751 1271 1949 1346 plures
1985 1270 2270 1332 habentes

248 1360 313 1417 in
368 1378 430 1419 se
484 1360 609 1420 sine
664 1362 894 1420 ratione
950 1360 1217 1420 sedentia
1272 1360 1500 1437 sigilla,
1563 1377 1682 1417 non
1745 1359 1940 1418 minus
1996 1360 2272 1419 cauliculi

250 1448 562 1508 dimidiata
623 1450 907 1509 habentes
970 1450 1172 1526 sigilla
1236 1449 1358 1507 alia
1420 1448 1695 1508 humanis
1760 1448 1882 1506 alia
1942 1447 2270 1506 bestiarum

248 1538 561 1614 capitibus,
659 1539 806 1598 haec
869 1542 1069 1598 autem
1132 1557 1241 1598 nec
1304 1540 1444 1597 sunt
1505 1556 1614 1596 nec
1675 1536 1805 1595 fieri
1861 1539 2112 1612 possunt
2163 1557 2271 1596 nec
2307 1545 2342 1592 4

68 1618 259 1707 (10)15Ι
299 1628 555 1687 fuerunt.
667 1648 805 1705 ergo
869 1625 959 1685 ita
1022 1628 1163 1687 novi
1225 1646 1419 1687 mores
1484 1629 1804 1703 coegerunt
1865 1626 1957 1684 uti
2018 1625 2268 1684 inertiae

245 1716 392 1774 mali
435 1716 658 1776 iudices
706 1716 1121 1776 convincerent
1165 1716 1387 1774 artium
1430 1716 1700 1774 virtutes.
1775 1714 2272 1791 quemadmodum

248 1805 406 1862 enim
440 1808 639 1880 potest
674 1805 937 1864 calamus
964 1823 1104 1864 vero
1144 1804 1434 1863 sustinere
1463 1806 1690 1863 tectum
1718 1806 1824 1862 aut
1852 1802 2270 1862 candelabrum

248 1896 595 1951 ornamenta
656 1894 887 1971 fastigii
944 1911 1048 1951 seu
1111 1892 1440 1951 cauliculus
1505 1896 1633 1953 tam
1695 1892 1889 1951 tenuis
1951 1894 2012 1949 et
2069 1892 2266 1951 mollis

248 1981 535 2040 sustinere
582 1982 788 2041 sedens
836 1982 1100 2058 sigillum
1143 1985 1254 2041 aut
1290 1982 1362 2040 de
1407 1982 1704 2042 radicibus
1752 1985 1813 2040 et
1853 1981 2160 2041 cauliculis
2197 2002 2270 2040 ex

68 2071 417 2144 (15)20parte
453 2070 623 2130 flores
668 2062 675 2151 Ι
716 2071 1147 2146 dimidiataque
1185 2070 1384 2148 sigilla
1421 2069 1760 2146 procreari?
1833 2073 1900 2129 at
1933 2072 2078 2129 haec
2114 2071 2270 2130 falsa

245 2157 514 2218 videntes
559 2159 825 2219 homines
871 2179 990 2219 non
1025 2160 1464 2236 reprehendunt
1509 2161 1611 2220 sed
1647 2160 2032 2234 delectantur,
2077 2179 2268 2236 neque

246 2247 732 2306 animadvertunt
774 2249 827 2308 si
872 2249 1016 2324 quid
1062 2268 1266 2308 eorum
1308 2248 1439 2308 fieri
1484 2251 1682 2324 potest
1728 2268 1835 2308 nec
1869 2267 1960 2308 ne.
2033 2248 2268 2307 iudiciis

246 2339 447 2395 autem
482 2336 731 2396 infirmis
770 2336 1117 2398 obscuratae
1153 2340 1382 2397 mentes
1420 2357 1538 2396 non
1573 2337 1781 2398 valent
1819 2337 2070 2412 probare
2109 2337 2267 2412 quod

244 2427 443 2500 potest
507 2443 632 2484 esse
697 2445 835 2484 cum
896 2427 1253 2485 auctoritate
1317 2430 1380 2486 et
1439 2427 1671 2485 ratione
1732 2425 1976 2485 decoris.
2075 2444 2266 2500 neque

74 2523 236 2575 (20)25
247 2514 406 2574 enim
450 2514 719 2590 picturae
753 2514 993 2590 probari
1034 2510 1043 2594 Ι
1085 2515 1300 2574 debent
1339 2534 1490 2590 quae
1525 2534 1645 2574 non
1683 2517 1822 2574 sunt
1858 2514 2078 2574 similes
2115 2515 2267 2574 veri-

244 2603 386 2679 tati,
450 2623 558 2662 nec
622 2603 673 2662 si
726 2605 922 2662 factae
977 2606 1117 2662 sunt
1170 2603 1472 2681 elegantes
1529 2603 1604 2662 ab
1663 2605 1818 2677 arte,
1880 2603 2013 2662 ideo
2078 2603 2150 2662 de
2213 2604 2265 2663 is

244 2691 451 2751 statim
504 2692 679 2752 debet
731 2695 897 2751 recta
956 2692 1233 2767 iudicari,
1296 2692 1413 2752 nisi
1478 2691 2008 2770 argumentationis
2074 2694 2266 2751 certas

242 2780 503 2840 rationes
566 2780 883 2840 habuerint
944 2779 1071 2840 sine
1127 2781 1547 2840 offensionibus
1603 2781 1944 2856 explicatas.
2047 2780 2266 2838 etenim
2304 2785 2334 2834 5

244 2869 426 2927 etiam
472 2869 769 2929 Trallibus
816 2889 950 2928 cum
986 2869 1315 2945 Apaturius
1351 2868 1732 2929 Alabandeus
1779 2869 2038 2946 eleganti
2083 2887 2265 2927 manu

387 3025 414 3072 1
466 3018 753 3090 signorum
797 3020 1019 3092 megalo
1065 3020 1367 3090 graphiam
1404 3021 1561 3090 (HS,
1604 3019 1827 3091 melago
1873 3019 2171 3090 graphiam
2210 3019 2264 3074 G

241 3091 341 3146 ubi
378 3092 447 3172 §n
466 3107 551 3172 jn.
588 3099 615 3143 ῑ
650 3095 713 3145 at
746 3092 969 3162 megalo
1010 3093 1103 3159 ΘΟ,
1148 3093 1245 3173 qui
1289 3092 1512 3147 addidit
1545 3093 1796 3173 copulam
1839 3093 1904 3146 i‘n
1939 3092 2116 3160 textu)
2153 3107 2208 3172 αξ.
2244 3089 2266 3161 ΙΙ

243 3165 275 3213 3
311 3161 510 3216 uhxsis
540 3163 614 3217 H.
662 3165 681 3232 ΙΙ
727 3168 759 3216 5
795 3162 968 3218 veris:
1006 3163 1201 3219 v&er1s
1235 3162 1366 3230 Hs,
1401 3163 1687 3218 veteribus
1721 3163 1786 3218 G.
1831 3164 1852 3230 ΙΙ
1899 3168 1930 3215 6
1967 3179 2101 3216 nam
2135 3178 2262 3230 pin-

242 3234 450 3302 guntur
480 3233 557 3289 G:
596 3249 696 3288 om.
729 3234 800 3288 H
804 3234 858 3289 S.
886 3236 905 3304 ΙΙ
932 3239 965 3288 8
996 3232 1394 3304 appagineculi
1431 3232 1747 3288 striaticum
1776 3236 1890 3304 (-cfi
1917 3232 1983 3301 S)
2007 3231 2075 3286 H
2078 3232 2260 3301 Sfflo),

242 3302 523 3374 appagine
561 3303 808 3386 culliculi
843 3304 1073 3359 triaticfi
1106 3306 1172 3361 (ἶ.
1199 3307 1220 3386 ΙΙ
1250 3309 1317 3358 10
1355 3321 1544 3359 eorum
1570 3321 1624 3360 x.
1653 3306 1676 3386 ΙΙ
1703 3309 1766 3358 11
1802 3301 2044 3358 veluteis
2082 3302 2263 3383 teneri

240 3390 293 3442 Ρ·
420 3375 1063 3503 melissi&
1098 3373 2272 3517 ..H0c-231122ffl1213d0sff

241 3460 310 3569 {g
346 3514 420 3570 is:
458 3487 547 3569 h’is
582 3535 639 3571 x.
681 3519 701 3586 ΙΙ
741 3523 807 3570 27
845 3490 1041 3572 rectae
1064 3519 1143 3586 H,
1180 3521 1261 3573 -te
1276 3465 1410 3575 13¹8.
1443 3519 1452 3588 Ι
1485 3514 1985 3586 argumentationis
2019 3515 2095 3570 G:
2137 3531 2258 3570 -nes

240 3586 365 3642 HS.
411 3588 431 3655 ΙΙ
476 3591 543 3640 29
584 3587 920 3642 alabandius
956 3606 1013 3644 x.
