2664 3927
831 175 926 230 DE
962 174 1525 232 ARCHITECTURA
1558 176 1691 232 LIB.
1729 177 1771 246 I,
1805 183 1840 232 4
2262 178 2343 242 15

331 325 504 385 dente
559 326 662 385 sed
716 344 753 385 a
806 326 1236 403 septentrione,
1299 326 1461 403 quod
1514 345 1585 386 ea
1637 327 1803 405 regio
1857 328 2025 387 nullo
2080 331 2347 405 tempore

326 414 688 475 mutationes
739 415 956 492 recipit
1006 414 1110 475 sed
1153 417 1246 476 est
1295 415 1469 475 firma
1511 419 1799 493 perpetuo
1847 418 1908 476 et
1958 416 2345 477 inmutabilis.

327 501 462 564 ideo
528 504 710 563 etiam
773 522 844 563 ea
907 502 1187 581 granaria
1241 522 1395 581 quae
1449 504 1528 565 ad
1581 504 1723 565 solis
1778 523 2017 565 cursum
2075 508 2348 582 spectant

329 592 656 652 bonitatem
703 592 823 652 cito
867 594 1130 666 mutant,
1184 592 1547 671 obsoniaque
1592 596 1655 653 et
1698 612 1875 671 poma
1922 612 2074 672 quae
2118 613 2238 655 non
2281 596 2346 653 in

191 692 276 744 (ιο)
290 692 317 735 5
332 700 404 741 ea
455 685 626 758 parte
683 680 834 741 caeli
884 684 1188 757 ponuntur
1241 701 1395 760 quae
1436 675 1444 763 Ι
1484 685 1577 743 est
1630 701 1841 743 aversa
1885 701 1922 742 a
1966 683 2108 743 solis
2155 702 2347 758 cursu,

328 788 448 829 non
511 770 618 830 diu
678 772 1007 829 servantur.
1105 789 1246 829 nam
1297 790 1531 848 semper
1583 772 1745 832 calor
1798 790 1933 831 cum
1986 772 2261 849 excoquit
2312 792 2344 832 e
2380 789 2413 837 3

327 858 503 919 rebus
565 858 911 918 firmitatem
973 862 1034 918 et
1085 859 1405 935 vaporibus
1466 860 1709 921 fervidis
1774 860 1953 938 eripit
1984 861 2347 940 'exsugendo

329 948 636 1008 naturales
692 948 972 1022 virtutes,
1035 947 1308 1009 dissolvit
1371 967 1470 1009 eas
1526 952 1587 1008 et
1646 950 1877 1010 fervore
1938 950 2345 1011 mollescentes

332 1036 517 1097 efficit
557 1036 881 1096 inbecillas.
953 1039 1025 1096 ut
1070 1036 1254 1096 etiam
1295 1037 1363 1095 in
1404 1038 1563 1098 ferro
1600 1038 2143 1115 animadvertimus,
2190 1039 2347 1117 quod

170 1135 324 1188 (25)ιο
335 1125 607 1202 quamvis
650 1128 867 1185 natura
903 1124 985 1185 sit
1018 1125 1252 1200 durum,
1296 1125 1362 1184 in
1396 1126 1732 1186 fornacibus
1770 1126 1845 1186 ab
1886 1122 1895 1207 Ι
1933 1128 2089 1205 ignis
2126 1146 2347 1205 vapore

329 1213 789 1290 percalefactum
850 1214 938 1273 ita
998 1214 1294 1275 mollescit
1355 1214 1449 1273 uti
1508 1215 1572 1273 in
1636 1233 1809 1275 omne
1871 1234 2057 1293 genus
2121 1217 2347 1278 formae

331 1302 589 1362 faciliter
640 1302 981 1377 fabricetur,
1025 1307 1096 1363 et
1147 1303 1308 1363 idem
1363 1322 1498 1363 cum
1549 1303 1731 1363 molle
1775 1306 1837 1363 et
1881 1305 2135 1365 candens
2176 1306 2346 1365 refri-

331 1394 587 1469 geretur,
639 1391 894 1452 tinctum
944 1392 1167 1471 frigida
1218 1391 1547 1452 redurescit
1595 1395 1657 1452 et
1704 1393 2043 1452 restituitur
2082 1394 2149 1451 in
2194 1395 2346 1453 anti-

333 1499 512 1557 quam
554 1480 999 1558 proprietatem.
1071 1482 1214 1541 licet
1253 1482 1439 1542 etiam
1482 1481 1853 1542 considerare
1899 1481 2045 1541 haec
2086 1481 2177 1540 ita
2221 1501 2348 1542 esse
2382 1501 2417 1550 4

251 1590 302 1631 15
331 1588 401 1627 ex
447 1588 514 1630 eo
562 1570 721 1646 quod
765 1572 993 1630 aestate
1047 1590 1168 1631 non
1221 1571 1417 1630 solum
1468 1570 1533 1630 in
1584 1569 1999 1647 pestilentibus
2054 1570 2200 1631 locis
2246 1572 2348 1630 sed

223 1670 310 1721 (³0)
333 1648 344 1739 Ι
367 1658 549 1719 etiam
592 1659 657 1718 in
700 1658 1036 1719 salubribus
1083 1660 1282 1719 omnia
1327 1678 1579 1735 corpora
1620 1660 1817 1719 calore
1860 1658 2011 1718 fiant
2053 1659 2347 1736 inbecilla,

225 1756 298 1811 17
331 1749 394 1805 et
431 1742 440 1825 Ι
479 1766 587 1824 per
628 1748 884 1807 hiemem
929 1748 1111 1807 etiam
1158 1767 1309 1825 quae
1353 1748 1877 1825 pestilentissimae
1921 1748 2045 1808 sint
2076 1748 2347 1826 regiones

333 1834 667 1895 efficiantur
691 1836 954 1896 salubres
982 1836 1116 1897 ideo
1145 1838 1303 1913 quod
1341 1857 1379 1896 a
1413 1836 1961 1915 refrigerationibus
1998 1837 2346 1897 solidantur.

332 1941 452 1983 non
495 1924 690 1984 minus
735 1925 917 1986 etiam
955 1944 1106 2003 quae
1153 1925 1228 1986 ab
1273 1926 1509 2006 frigidis
1548 1926 1887 2005 regionibus
1933 1944 2180 2003 corpora
2223 1929 2345 1988 tra-

252 2035 306 2076 ao
334 2013 627 2073 ducuntur
667 2015 731 2072 in
777 2015 1018 2090 calidaS,
1061 2034 1182 2075 non
1225 2018 1478 2093 possunt
1520 2017 1733 2075 durare
1777 2014 1883 2076 sed
1926 2015 2347 2092 dissolvuntur,

250 2115 314 2166 (5)
334 2119 486 2178 quae
525 2098 535 2180 Ι
576 2106 776 2162 autem
829 2123 900 2163 ex
953 2103 1162 2164 calidis
1214 2105 1360 2165 locis
1406 2104 1514 2165 sub
1560 2104 2027 2182 septentrionum
2074 2106 2346 2184 regiones

329 2191 598 2269 frigidas,
641 2211 762 2252 non
806 2193 982 2252 modo
1026 2212 1147 2254 non
1190 2193 1468 2254 laborant
1518 2194 1914 2254 inmutatione
1957 2194 2075 2254 loci
2118 2194 2345 2254 valetu-

331 2279 566 2341 dinibus
629 2281 731 2340 sed
794 2282 978 2341 etiam
1041 2282 1479 2342 confirmantur.
1586 2302 1767 2359 quare
1831 2283 2157 2343 cavendum
2220 2301 2345 2343 esse
2382 2299 2414 2350 5

328 2369 566 2429 videtur
617 2370 681 2428 in
741 2370 1048 2430 moenibus
1113 2372 1490 2432 conlocandis
1553 2371 1627 2431 ab
1688 2372 1743 2432 is
1799 2371 2139 2449 regionibus
2192 2391 2345 2448 quae

251 2479 302 2520 ss
331 2458 626 2518 caloribus
688 2458 866 2519 flatus
929 2459 1008 2519 ad
1072 2478 1318 2536 corpora
1380 2460 1687 2521 hominum
1745 2463 1996 2537 possunt
2050 2478 2342 2540 spargere.

223 2559 311 2611 (ιο)
329 2565 583 2623 namque
630 2566 661 2606 e
706 2547 1032 2624 principiis,
1073 2543 1081 2626 Ι
1123 2567 1275 2625 quae
1323 2548 1536 2610 Graeci
1580 2565 1853 2623 ετοιχεια
1901 2549 2232 2626 appellant,
2276 2554 2347 2609 ut

331 2636 529 2696 omnia
575 2654 822 2712 corpora
867 2639 1006 2696 sunt
1051 2640 1405 2715 composita,
1457 2638 1521 2697 id
1566 2642 1685 2698 est“
1701 2657 1733 2696 e
1780 2638 1973 2697 calore
2019 2641 2081 2697 et
2124 2658 2345 2713 umore,

329 2727 562 2783 terreno
609 2728 670 2784 et
715 2743 868 2800 aere,
910 2726 1001 2784 ita
1043 2727 1426 2788 mixtionibus
1462 2726 1727 2786 naturali
1758 2728 2163 2802 temperatura
2196 2727 2343 2804 figu-

472 2936 503 2983 2
541 2929 872 2985 mutationis
909 2938 1036 2986 ante
1073 2947 1210 2987 corr.
1249 2931 1324 2985 H.
1363 2934 1382 3002 ΙΙ
1418 2936 1451 2985 8
1489 2947 1581 2986 ea:
1620 2929 1667 2984 82
1700 2948 1755 2986 x.
1784 2932 1803 3001 ΙΙ
1831 2936 1863 2984 6
1902 2947 1932 2985 e
1969 2929 2162 2987 rebus.
2201 2931 2343 2986 aeri-

327 3001 434 3055 bus
461 3018 517 3056 ω.
546 3002 566 3071 ΙΙ
594 3006 624 3054 7
654 3001 946 3072 exugendo
974 3002 1042 3057 Η
1047 3000 1092 3057 8
1099 3002 1174 3058 6¹⁰
1206 3001 1546 3073 (exsugendo
1578 3001 1737 3084 68⁶),
1766 3005 1785 3072 ΙΙ
1816 3007 1877 3055 11
1917 3001 2131 3057 inomni
2166 3019 2342 3128 genus

328 3073 395 3126 H
425 3078 477 3128 et
533 3079 660 3128 amte
697 3089 831 3129 corr.
842 3072 884 3141 ¹)
915 3073 970 3128 S.
999 3074 1019 3143 ΙΙ
1049 3077 1114 3127 18
1150 3072 1475 3127 redurescat
1510 3076 1570 3128 et
1603 3072 1935 3129 restituatur
1967 3091 2022 3130 x.
2097 3079 2165 3127 22
2202 3073 2297 3128 val
2299 3074 2344 3126 i-

327 3142 514 3197 tudini
556 3160 620 3197 us
657 3145 786 3213 (hic)
820 3162 874 3227 x·
907 3145 1026 3226 (sed
1052 3142 1310 3198 valetudo
1346 3145 1495 3200 solus
1530 3144 1599 3198 H
1628 3147 1718 3213 32,
1734 3147 1809 3199 23
1831 3146 1950 3284 >ubi
1985 3163 2020 3198 v
2084 3144 2141 3199 t.
2180 3144 2351 3200 SLP

327 3214 644 3284 vlchEG).
689 3217 708 3285 ΙΙ
752 3220 822 3269 24
857 3213 930 3270 is:
968 3213 1058 3269 his
1093 3233 1148 3271 x
1182 3216 1369 3283 'quae
1416 3187 1752 3285 caloribus(
1731 3216 1851 3285 (sic)
1886 3232 1927 3271 x
1963 3218 2020 3286 (a
2057 3215 2160 3269 cal.
2199 3215 2288 3286 L).
2324 3217 2332 3289 Ι

330 3290 396 3338 26
435 3301 465 3340 e
501 3285 718 3356 (princ.)
754 3303 856 3342 om.
893 3303 949 3342 x.
983 3287 991 3357 Ι
1025 3285 1276 3342 stoechia
1310 3303 1368 3342 x.
1396 3287 1509 3356 1127
1549 3285 1765 3341 eoalore
1802 3285 1939 3342 HS.
1977 3286 2279 3342 acaloreG

327 3354 520 3447 iz'more
546 3392 648 3459 H,
674 3393 906 3447 humore
936 3393 1052 3449 GS.
1107 3395 1192 3448 ita
1217 3393 1457 3463 saepius,
1481 3398 1546 3448 ut
1572 3393 1672 3461 ΗΘ,
1709 3399 1760 3448 et
1789 3377 2023 3463 (imore)
2045 3393 2121 3449 62⁶
2146 3424 2213 3433 —
2236 3410 2343 3464 pro

328 3477 518 3518 umore
546 3462 759 3532 (umido
787 3466 904 3546 etc.)
930 3481 985 3520 x.
1041 3463 1270 3519 humore
1296 3471 1391 3520 etc.
1420 3480 1625 3533 semper
1641 3436 1819 3533 SPL,
1846 3465 1997 3520 haud
2022 3480 2153 3520 roero
2178 3467 2344 3519 etiam

331 3533 474 3589 HG.
503 3536 523 3604 ΙΙ
550 3539 617 3588 28
655 3533 763 3590 ita:
803 3534 848 3588 ὣ
883 3534 970 3589 ita
1003 3552 1045 3590 x
1082 3537 1159 3606 (et
1195 3537 1296 3592 del.
1340 3535 1449 3605 θα).
