2664 3927
223 2820 288 2867 10

319 164 445 229 156
1063 177 1068 182 ·
1160 163 1490 248 VITsuvn

317 335 378 376 se
424 315 632 374 dicere.
723 315 930 389 itaque
975 313 1213 374 silentio
1258 315 1421 372 facto
1468 313 1673 373 docuit
1716 332 1906 372 unum
1952 332 2023 371 ex
2064 313 2159 370 his
2206 331 2341 370 eum

318 423 442 464 esse
497 407 756 479 poetam,
796 399 806 482 Ι
847 406 1071 462 ceteros
1127 403 1324 461 aliena
1377 402 1750 477 recitavisse,
1814 405 2085 478 oportere
2140 404 2343 460 autem
2362 413 2453 464 (1⁰)

317 493 647 552 iudicantes
691 511 812 552 non
865 493 1028 550 furta
1073 492 1177 550 sed
1229 491 1453 566 scripta
1499 491 1769 567 probare.
1860 490 2191 550 admirante
2236 508 2341 565 po·

317 584 458 658 pulo
515 585 576 640 et
617 600 759 658 rege
805 580 1142 655 dubitante,
1195 580 1383 639 fretus
1433 581 1721 640 memoria
1767 599 1799 638 e
1846 580 2021 638 certis
2069 579 2343 638 armariis

317 671 551 730 infinita
605 670 910 729 volumina
965 669 1169 728 eduxit
1222 672 1282 728 et
1352 688 1422 727 ea
1476 688 1611 729 cum
1661 669 1929 728 recitatis
1990 667 2341 727 conferendo
2370 688 2397 728 5

319 760 514 837 coegit
556 758 718 834 ipsos
763 759 994 818 furatos
1039 757 1113 816 de
1159 777 1220 817 se
1259 757 1545 816 confiteri.
1616 759 1823 833 itaque
1859 777 1961 816 rex
1995 757 2171 816 iussit
2205 775 2344 816 cum

317 849 410 908 his
485 847 583 924 agi
654 847 806 905 furti
877 846 1415 922 condemnatosque
1458 843 1466 926 Ι
1507 866 1644 906 cum
1705 846 2037 924 ignominia
2098 845 2344 920 dimisit,
2363 856 2452 908 (15)

318 935 759 1011 Aristophanen
794 953 936 995 vero
973 935 1357 1011 amplissimis
1393 935 1736 996 muneribus
1783 935 2020 995 ornavit
2064 937 2128 992 et
2162 952 2344 1010 supra

317 1024 759 1101 bybliothecam
803 1025 1128 1084 constituit.
1208 1025 1659 1100 insequentibus
1704 1025 1875 1083 annis
1922 1043 1959 1082 a
1994 1023 2345 1082 Macedonia

320 1114 549 1189 ZoiluS‚
597 1114 701 1190 qui
745 1113 1060 1191 adoptavit
1104 1132 1430 1192 cognomen
1480 1117 1553 1172 ut
1596 1113 2076 1172 Homeromastix
2120 1113 2342 1171 vocita-
2372 1133 2429 1172 10

320 1206 501 1276 retur,
535 1202 962 1262 Alexandriam
997 1202 1163 1261 venit
1209 1221 1433 1278 suaque
1480 1203 1703 1278 scripta
1750 1205 1957 1261 contra
1991 1201 2244 1260 Iliadem
2284 1203 2346 1259 et

322 1289 626 1367 Odyssean
663 1293 1009 1366 comparata
1052 1291 1181 1368 regi
1225 1291 1520 1350 recitavit.
1592 1281 1992 1372 Pt0110maeus
2028 1309 2170 1349 vero
2208 1309 2343 1348 cum
2362 1300 2453 1353 (20)

322 1380 840 1440 animadvertisset
893 1383 1205 1456 poetarum
1257 1382 1569 1456 parentem
1621 1379 2103 1456 philologiaeque
2151 1379 2341 1437 omnis

319 1469 530 1529 ducem
567 1469 871 1528 absentem
896 1469 1100 1528 vexari
1134 1471 1195 1526 et
1229 1469 1395 1527 cuius
1432 1468 1507 1526 ab
1546 1469 1771 1528 cunctis
1808 1467 2082 1546 gentibus
2120 1467 2343 1542 scripta

321 1559 759 1634 suspicerentur
803 1557 878 1615 ab
925 1577 994 1616 eo
1038 1558 1395 1632 vituperari,
1438 1557 1756 1634 indignans
1803 1557 2035 1615 nullum
2078 1557 2135 1615 ei
2180 1556 2346 1614 dedit
2373 1579 2427 1618 1⁵

319 1665 684 1723 responsum.
785 1646 984 1705 Zoilus
1039 1648 1242 1704 autem
1296 1664 1431 1704 cum
1484 1646 1709 1706 diutius
1763 1646 1827 1704 in
1880 1664 2063 1722 regno
2116 1645 2345 1720 fuisset,

321 1737 527 1812 inopia
579 1753 816 1811 pressus
871 1735 1166 1794 summisit
1221 1735 1297 1792 ad
1352 1754 1553 1812 regem
1600 1735 1911 1810 postulans
1955 1737 2026 1793 ut
2065 1728 2074 1811 Ι
2115 1733 2345 1810 aliquid
2364 1746 2455 1799 (25)

323 1824 437 1883 sibi
490 1824 863 1883 tribueretur.
953 1842 1055 1882 rex
1107 1843 1248 1882 vero
1302 1823 1675 1899 respondisse
1730 1823 1947 1882 dicitur
1999 1822 2345 1898 Homerum,

327 1914 430 1989 qni
493 1916 632 1972 ante
697 1930 882 1973 annos
945 1913 1110 1971 mille
1174 1913 1546 1989 decessisset,
1611 1931 1758 1973 aevo
1811 1915 2099 1989 perpetuo
2154 1912 2347 1973 multa

322 2002 492 2061 milia
535 2002 843 2061 hominum
885 2020 1153 2079 pascere,
1202 2004 1348 2061 item
1394 2002 1603 2062 debere
1651 2003 1753 2078 qui
1798 2002 2042 2061 meliore
2087 1993 2345 2083 inlgenio
2367 2014 2485 2069 158

326 2110 386 2151 se
449 2091 827 2166 profiteretur
879 2110 999 2151 non
1061 2091 1236 2149 modo
1291 2110 1476 2149 unum
1530 2091 1632 2150 sed
1696 2092 1880 2151 etiam
1932 2090 2131 2165 plures
2188 2090 2347 2151 alere
2376 2114 2429 2155 21

322 2198 512 2256 posse.
605 2182 666 2237 et
720 2179 796 2237 ad
854 2198 1146 2239 summam
1199 2198 1359 2239 mors
1415 2180 1543 2239 eius
1597 2184 1667 2238 ut
1718 2180 2023 2255 parricidii
2078 2178 2349 2237 damnati

325 2270 488 2327 varie
551 2271 928 2328 memoratur.
1037 2268 1144 2327 alii
1207 2269 1367 2327 enim
1429 2270 1791 2344 scripserunt
1854 2287 1891 2327 a
1952 2267 2345 2343 Philadelpho

326 2375 452 2416 esse
505 2358 569 2415 in
623 2376 855 2416 crucem
907 2357 1115 2431 fixum,
1162 2357 1438 2417 nonnulli
1484 2356 1617 2416 Chii
1663 2358 1719 2416 ei
1762 2356 1993 2434 lapides
2040 2374 2165 2415 esse
2210 2376 2347 2416 con·
2642 2384 2649 2437 ι

323 2447 526 2521 iectOS,
571 2446 678 2504 alii
721 2436 1028 2528 Zmyrinae
1072 2446 1276 2505 vivum
1319 2446 1385 2504 in
1424 2464 1635 2522 pyram
1671 2447 2018 2505 coniectum.
2091 2464 2343 2521 quorum
2357 2462 2487 2512 sus)

325 2538 527 2594 utrum
580 2537 635 2594 ei
690 2536 996 2611 acciderit,
1057 2536 1310 2595 merenti
1362 2535 1546 2612 digna
1600 2534 1870 2595 constitit
1920 2553 2130 2609 poena.
2226 2552 2349 2595 non

326 2625 486 2685 enim
519 2624 698 2683 aliter
731 2624 966 2683 videtur
999 2625 1321 2699 promereri
1358 2626 1464 2699 qui
1500 2625 1648 2683 citat
1685 2642 1783 2685 eos
1822 2642 2073 2700 quorum
2105 2641 2347 2699 respon-

326 2733 474 2792 sum,
521 2714 665 2789 quid
709 2714 1000 2773 senserint
1043 2712 1383 2788 scribentes,
1428 2731 1549 2772 non
1590 2716 1791 2789 potest
1836 2730 2037 2771 coram
2078 2712 2347 2771 indicari.

327 2823 436 2881 ego
491 2822 658 2878 vere,
713 2801 956 2879 Caesar,
1009 2820 1201 2878 neque
1255 2802 1468 2882 alienis
1520 2801 1813 2861 indicibus
1865 2802 2113 2861 mutatis
2166 2801 2348 2861 inter-

793 2966 926 2999 autom

469 3032 500 3079 2
547 3042 578 3079 o
621 3017 902 3091 ortereat2
929 3028 1016 3081 GC.
1063 3028 1082 3095 ΙΙ
1123 3032 1160 3077 4
1195 3024 1499 3080 memoriae
1544 3024 1712 3079 certis
1760 3025 1843 3089 (id
1886 3030 1965 3079 est
2007 3022 2279 3077 memoria
2316 3039 2347 3076 e

327 3096 516 3165 certis)
554 3044 640 3152 ἧς
686 3096 972 3151 memoria.
1047 3095 1214 3151 certis
1253 3095 1310 3163 S,
1355 3095 1624 3170 memorie
1662 3095 1828 3149 certis
1866 3096 1932 3149 G.
1988 3098 2007 3165 u
2061 3099 2091 3148 7
2132 3093 2351 3148 dimisit
2642 3116 2647 3148 ι

327 3168 397 3223 Η
399 3168 445 3223 S
450 3192 462 3222 :
503 3166 731 3221 demisit
770 3168 836 3221 G.
877 3168 897 3236 ΙΙ
937 3172 970 3221 8
1009 3166 1411 3236 aristophanen
1446 3169 1565 3237 (sic)
1599 3184 1654 3223 ω.
1694 3170 1713 3237 ΙΙ
1750 3174 1781 3221 9
1819 3164 2255 3236 bybliospiblyo-
2289 3165 2349 3233 S,

325 3238 532 3293 biblio·
559 3236 854 3306 G)thecam
881 3238 960 3292 H.
1003 3240 1012 3306 Ι
1051 3236 1423 3293 machedonis
1458 3255 1514 3294 ω.
1560 3239 1581 3308 ΙΙ
1626 3243 1693 3291 10
1728 3237 1957 3292 homero
1993 3236 2201 3291 mastix
2234 3255 2289 3292 x.
2326 3236 2349 3308 ΙΙ

331 3313 394 3360 11
432 3308 646 3363 iliaden
682 3309 740 3362 et
774 3307 1025 3363 odissian
1059 3326 1116 3363 x.
1153 3311 1172 3379 ΙΙ
1208 3314 1275 3363 12
1311 3309 1599 3379 pt0(pht0-
1628 3308 1910 3380 S)lomeus
1939 3308 2079 3363 HG.
2110 3311 2129 3378 ΙΙ
2158 3312 2223 3361 15
2261 3308 2346 3363 in-

331 3376 568 3445 dignans
601 3381 678 3434 G:
715 3395 842 3432 -nus
871 3379 998 3434 HS.
1027 3380 1047 3449 ΙΙ
1076 3385 1139 3432 17
1169 3396 1425 3449 pressum
1459 3381 1573 3450 (-sii
1600 3379 1668 3449 S)
1706 3378 1989 3433 summisit
2014 3379 2158 3446 BG,
2191 3396 2347 3447 pres-

331 3462 422 3497 sus
467 3449 624 3502 misit
663 3451 729 3504 G.
794 3452 814 3519 ΙΙ
876 3456 946 3502 24
990 3466 1152 3504 cruce
1189 3450 1242 3505 S.
1304 3454 1312 3520 Ι
1373 3450 1498 3507 Chii
1544 3450 1621 3506 ei:
1666 3467 1799 3505 cue1
1834 3450 1990 3517 HG,
2035 3466 2199 3505 cunei
2234 3450 2289 3506 S.
2340 3450 2348 3522 Ι

330 3518 398 3564 25
428 3516 749 3591 zmirnae(-e
769 3520 826 3588 S,
853 3536 907 3574 -e
929 3520 1002 3591 G)
1029 3523 1109 3576 sic
1125 3538 1179 3575 x.
1214 3524 1223 3591 1
1253 3522 1445 3577 vivom
1463 3522 1540 3576 H.
1570 3524 1589 3592 ΙΙ
1616 3528 1684 3577 29
1713 3522 1927 3577 alienas
1955 3526 2081 3577 ante
2108 3538 2244 3577 corr.
2334 3565 2345 3575 .
