2664 3927
355 185 446 248 74
1199 185 1535 240 VI'I'RUVII

352 335 724 395 stereobatae
779 337 1180 413 appellantur,
1235 355 1377 394 nam
1426 337 1728 412 excipiunt
1760 345 1968 396 onera.
2058 340 2383 414 spirarum·

355 444 469 500 que
513 426 882 500 proiecturae
927 445 1048 485 non
1092 425 1417 501 procedant
1462 430 1627 484 extra
1672 426 1944 486 solidum.
2014 428 2162 486 item
2198 447 2380 505 supra

351 514 598 590 parietis
645 514 722 572 ad
767 513 1019 573 eundem
1061 515 1303 574 modum
1350 515 1679 574 crassitudo
1716 517 2006 574 servanda
2042 520 2150 592 est,
2194 518 2379 577 inter-

350 603 514 661 valla
567 605 770 662 autem
822 595 1307 683 concamalranda
1362 606 1467 662 aut
1520 605 1829 663 solidanda
1881 605 2376 665 festucationibus
2396 617 2491 668 (20)

351 691 446 750 uti
497 692 911 751 distineantur.
1001 693 1094 750 sin
1141 694 1342 750 autem
1386 692 1643 751 solidum
1694 711 1815 752 non
1873 695 2225 770 invenietur,
2272 696 2376 754 sed
2404 716 2431 756 5

349 781 514 840 locus
551 781 667 839 erit
701 780 1092 856 congesticius
1129 780 1206 838 ad
1241 782 1430 839 imum
1475 785 1580 840 aut
1613 782 1897 858 paluster,
1940 785 2085 841 tunc
2120 785 2173 842 is
2208 784 2374 844 locus

349 869 615 929 fodiatur
659 869 1149 944 exinaniaturque
1195 871 1255 928 et
1289 870 1468 949 ⁴palis
1515 871 1700 928 alneis
1746 873 1853 930 aut
1898 871 2221 948 oleagineis
2268 876 2376 931 aut

347 956 642 1017 robusteis
703 957 967 1016 ustilatis
1021 957 1367 1036 configatur,
1407 953 1416 1037 Ι
1458 959 1833 1035 sublicaeque
1895 961 2184 1020 machinis
2248 962 2373 1020 adi-
2407 973 2483 1027 76

351 1049 575 1123 gantur
618 1065 800 1122 quam
845 1045 1248 1123 creberrimae,
1295 1046 1767 1123 carbonibusque
1804 1050 2155 1124 expleantur
2189 1050 2370 1108 inter·

350 1135 514 1193 valla
565 1135 841 1210 palorum
894 1139 954 1195 et
1012 1139 1154 1195 tunc
1199 1137 1517 1195 structuris
1564 1137 1935 1196 solidissimis
1979 1139 2369 1198 fundamenta
2398 1163 2454 1200 ιο

349 1223 726 1300 impleantur.
805 1224 1086 1284 extructis
1131 1229 1334 1284 autem
1377 1225 1779 1284 fundamentis
1826 1226 1904 1284 ad
1948 1226 2371 1286 libramentum

350 1313 685 1388 stylobatae
747 1316 887 1372 sunt
949 1314 1312 1374 conlocandi.
1414 1333 1594 1390 supra
1657 1307 2007 1396 styllobatas
2062 1317 2370 1376 columnae
2390 1328 2453 1380 (5)

347 1401 745 1478 disponendae
811 1403 1306 1478 quemadmodum
1370 1421 1550 1479 supra
1609 1405 1897 1480 scriptum
1949 1406 2063 1480 est,
2128 1405 2251 1464 sive
2304 1405 2371 1464 in

344 1491 698 1567 pycnostylo
762 1491 1261 1567 quemadmodum
1318 1492 1736 1568 pycnostyloe,
1799 1494 1922 1552 sive
1978 1494 2207 1569 systylo
2263 1499 2372 1553 aut

346 1579 604 1656 diastylo
669 1583 776 1638 aut
838 1581 1070 1656 eustylo
1128 1581 1623 1654 quemadmodum
1676 1600 1857 1657 supra
1910 1583 2167 1658 scriptae
2226 1587 2370 1642 sunt
2398 1609 2449 1648 15

345 1671 406 1726 et
451 1669 824 1728 constitutae.
916 1669 980 1726 in
1026 1669 1381 1744 araeostylis
1426 1671 1585 1728 enim
1637 1669 1881 1729 libertas
1937 1674 2029 1730 est
2074 1675 2370 1747 quantum

343 1757 559 1832 cuique
605 1757 752 1816 libet
797 1757 1212 1816 constituendi.
1303 1758 1409 1816 sed
1452 1759 1539 1816 ita
1586 1760 1893 1818 columnae
1939 1759 2003 1818 in
2051 1761 2367 1836 peripteris

349 1837 357 1926 Ι
390 1846 774 1905 conlocentur
807 1847 900 1903 uti
936 1849 1083 1922 quot
1117 1847 1573 1906 intercolumnia
1610 1851 1750 1906 sunt
1776 1849 1841 1906 in
1866 1849 2080 1924 fronte,
2114 1849 2368 1909 totidem
2386 1869 2474 1918 (ιο)

342 1932 434 1992 bis
478 1933 931 1994 intercolumnia
975 1934 1125 1995 fiant
1169 1937 1234 1995 in
1276 1935 1581 1997 lateribus.
1653 1937 1743 1997 ita
1784 1937 1941 1996 enim
1970 1939 2101 1996 ‘erit
2145 1939 2369 2015 duplex

343 2023 655 2100 longitudo
702 2024 896 2099 operis
941 2025 1018 2083 ad
1053 2025 1450 2085 latitudinem.
1522 2046 1779 2102 namque
1818 2028 1921 2102 qui
1956 2028 2366 2087 columnarum
2394 2056 2447 2094 20

343 2111 774 2187 duplicationes
809 2113 1079 2173 fecerunt
1115 2115 1402 2174 erravisse
1419 2115 1732 2191 .videntur,
1769 2116 1929 2191 quod
1963 2136 2147 2175 unum
2182 2118 2363 2175 inter-

343 2201 706 2260 columnium
758 2203 822 2259 in
876 2202 1250 2280 longitudine
1303 2204 1441 2279 plus
1496 2223 1678 2279 quam
1731 2207 1968 2280 oportet
2019 2224 2362 2281 procurrere

341 2280 611 2371 vildetur.
703 2290 921 2367 gradus
975 2291 1040 2350 in
1091 2294 1288 2351 fronte
1336 2293 1736 2352 constituendi
1782 2294 1872 2352 ita
1918 2297 2058 2353 sunt
2102 2294 2197 2353 uti
2240 2294 2364 2353 sint
2384 2310 2473 2364 (15)

341 2396 574 2453 semper
615 2378 868 2455 inpares.
941 2399 1197 2456 namque
1244 2400 1381 2439 cum
1427 2382 1631 2440 dextro
1677 2382 1826 2457 pede
1870 2383 2096 2458 primus
2141 2383 2361 2461 gradus

341 2468 709 2543 ascendatur,
754 2468 900 2527 item
944 2469 1008 2527 in
1053 2489 1280 2529 summo
1336 2471 1559 2547 templo
1604 2471 1831 2547 primus
1878 2472 1991 2530 erit
2034 2473 2358 2547 ponendus
2391 2498 2444 2539 25

340 2556 758 2615 crassitudines
812 2561 1012 2617 autem
1067 2577 1274 2617 eornm
1327 2560 1625 2636 graduum
1676 2561 1763 2618 ita
1817 2560 2105 2619 finiendas
2152 2579 2357 2621 censeo

337 2647 411 2703 ut
462 2664 652 2721 neque
709 2646 1022 2707 crassiores
1077 2648 1357 2707 dextante
1403 2667 1510 2707 nec
1561 2649 1859 2709 tenuiores
1906 2649 2192 2708 dodrante
2238 2650 2360 2709 sint

339 2734 697 2794 conlocatae.
729 2726 738 2817 Ι
771 2736 855 2795 sic
893 2736 1050 2795 enim
1087 2736 1266 2796 durus
1303 2756 1423 2795 non
1460 2737 1575 2796 erit
1605 2756 1899 2797 ascensus
1971 2740 2357 2799 retractiones
2379 2755 2469 2809 (πο)

479 2908 510 2955 3
547 2903 792 2974 parietes
827 2922 884 2960 x.
919 2906 940 2975 [Ι
975 2912 1009 2959 4
1047 2908 1494 2961 concamaranda
1521 2908 1650 2963 HG
1687 2909 2000 2978 (—meranda
2028 2908 2113 3033 SR.
2142 2910 2161 2978 ΙΙ
2189 2913 2220 2961 5
2259 2908 2356 2963 de-

337 2974 653 3029 stineantur
677 2993 732 3030 x.
763 2980 781 3041 ΙΙ
809 2981 840 3029 6
881 2976 1252 3048 congesticius
1283 2978 1361 3033 G:
1400 2977 1758 3034 coniesticius
1786 2979 1855 3033 H
1865 2980 1919 3034 S.
1954 2980 1962 3050 ἱ
1992 2996 2069 3049 pa
2092 2981 2247 3033 uster
2276 2981 2353 3035 G:

335 3046 598 3118 pla1{1ter
623 3046 703 3113 H,
728 3046 982 3116 plauster
1007 3048 1060 3104 S.
1089 3050 1109 3117 u
1139 3054 1168 3101 7
1199 3048 1378 3103 alneis
1407 3052 1487 3119 (p.
1518 3054 1646 3118 130,
1664 3052 1787 3119 22):
1828 3049 2097 3119 saligneis
2125 3068 2179 3105 ω.
2213 3053 2224 3119 Ι
2255 3053 2357 3105 aut

336 3118 496 3187 (rob.)
524 3134 622 3171 om.
652 3134 708 3171 x.
737 3119 756 3183 ΙΙ
783 3122 815 3171 8
845 3118 1158 3187 configatur
1186 3120 1265 3175 G:
1302 3120 1683 3189 configuratur
1709 3120 1778 3174 H
1782 3120 1835 3175 S.
1869 3125 1878 3191 Ι
1912 3120 2245 3192 subligaque
2268 3164 2281 3176 .
2304 3166 2315 3175 .
2340 3165 2353 3177 .

337 3186 601 3258 adigatur
634 3205 704 3249 x„
727 3189 746 3257 ΙΙ
784 3194 849 3241 12
890 3189 1037 3259 con(l
1063 3189 1485 3259 SG⁰)locandae
1526 3195 1603 3262 (-e
1636 3191 1764 3260 GS)
1800 3208 1855 3245 x.
1894 3197 1913 3259 ΙΙ
1951 3197 2018 3245 14
2052 3192 2173 3317 Ργὸἱ
2203 3193 2355 3263 68)-

336 3257 583 3328 gnosty(i
614 3257 801 3327 Grsuo
836 3276 890 3313 x.
926 3260 934 3329 Ι
965 3259 1083 3329 py(i
1115 3260 1495 3331 GS)gnosty(i
1526 3262 1658 3333 G)la
1692 3279 1747 3317 ω.
1793 3264 1815 3329 l!
1861 3267 1927 3315 15
1964 3262 2143 3317 euast‘
2172 3279 2204 3317 o
2240 3264 2295 3319 S.
2338 3264 2349 3336 Ι

337 3328 588 3398 scripta.
619 3372 632 3383 .
666 3370 678 3383 .
716 3331 827 3399 (16)
866 3330 1174 3385 constituta
1217 3350 1272 3387 ω.
1338 3335 1357 3402 ΙΙ
1421 3338 1487 3386 18
1542 3333 1681 3401 quot
1727 3333 1917 3402 G(S⁶):
1981 3334 2133 3401 quod
2169 3334 2238 3388 H
2242 3334 2297 3390 S.
2334 3335 2355 3408 ΙΙ

337 3404 403 3451 22
430 3402 687 3468 oporteat
703 3419 759 3455 x.
787 3403 806 3471 ΙΙ
834 3406 901 3455 23
921 3400 1043 3472 (ita)
1073 3404 1202 3456 sunt
1225 3402 1300 3459 G:
1331 3403 1445 3458 sint
1462 3404 1530 3457 Η
1536 3405 1589 3459 S.
1624 3406 1632 3474 Ι
1662 3405 1728 3457 ut
1745 3404 1799 3459 S.
1828 3408 1846 3472 ss
1874 3410 1941 3457 26
1960 3404 2351 3460 crassitudinis

335 3485 388 3523 a.
418 3486 460 3524 c.
489 3470 564 3525 H.
594 3473 614 3540 u
641 3477 707 3524 27
737 3472 1002 3527 dextante
1033 3474 1110 3528 G:
1147 3476 1413 3541 extantae
1450 3477 1551 3549 (-te
1582 3474 1649 3545 S)
1678 3475 1805 3531 HS.
1835 3477 1853 3545 ΙΙ
1882 3481 1947 3529 28
1986 3476 2353 3532 retractiones

339 3539 392 3594 G
427 3541 500 3609 (et
533 3548 660 3597 wnte
693 3545 796 3612 ips.
835 3561 970 3599 corr.
1001 3545 1093 3615 S):
1131 3546 1556 3601 retractationes
1586 3547 1655 3601 H
1658 3547 1732 3603 18¹⁶.
