2664 3927
334 107 439 214 ’94
1195 147 1527 202 VITRU'VII

273 301 325 354 V
485 300 780 377 Regiones
845 303 1047 358 autem
1113 318 1258 375 quas
1325 298 1543 357 debent
1604 301 1873 373 spectare
1938 298 2111 357 aedes
2176 316 2381 357 saonae

349 390 599 449 deorum
642 388 1077 463 inmortalium,
1135 388 1217 446 sic
1265 391 1441 446 erunt
1486 386 1933 447 constituendae
1978 387 2071 444 uti
2116 387 2167 445 si
2212 387 2382 445 nulla

351 479 511 538 ratio
551 473 560 556 Ι
600 478 920 554 inpedierit
971 477 1277 552 liberaque
1332 476 1516 535 fuerit
1558 480 1853 553 potesta8‚
1903 475 2069 534 aedis
2116 475 2379 553 signnm-
2410 478 2494 533 96

351 587 466 644 que
513 567 672 643 quod
717 567 832 626 erit
876 567 940 624 in
985 567 1136 624 cella
1181 565 1557 624 conlocatum
1600 567 1829 640 spectet
1866 565 1943 623 ad
1976 565 2379 640 vespertinam

351 657 499 715 caeli
543 657 872 733 regionem,
927 655 1021 713 uti
1067 654 1172 730 qui
1217 654 1475 713 adierint
1519 654 1596 712 ad
1641 673 1809 713 aram
1852 654 2227 713 immolantes
2272 657 2380 712 aut
2435 675 2461 714 5

347 745 638 804 sacrificia
695 744 980 802 facientes
1041 745 1308 818 spectent
1369 744 1446 801 ad
1503 745 1739 818 partem
1797 743 1948 801 caeli
2001 743 2245 801 orientis
2300 743 2378 800 ad

349 834 736 892 simulacrum
783 831 941 907 quod
990 828 998 911 Ι
1049 832 1165 890 erit
1207 831 1272 889 in
1317 832 1489 906 aede,
1544 834 1605 890 et
1655 832 1745 890 ita
1799 834 1941 891 vota
1988 832 2375 907 suscipientes
2398 844 2461 894 (ὃ)

349 923 750 981 contueantur
795 921 1000 979 eadem
1057 921 1419 979 exorientem
1474 921 1704 979 caelum
1757 921 2004 996 ipsaque
2060 921 2377 979 simulacra

352 1010 672 1070 videantur
716 1011 1040 1068 exorientia
1088 1009 1357 1068 contueri
1401 1010 1805 1085 supplicantes
1843 1012 1903 1068 et
1939 1009 2375 1068 sacrificiantes.

279 1113 308 1158 2
350 1099 444 1158 sin
498 1103 698 1158 autem
751 1099 868 1157 loci
921 1102 1138 1158 natura
1193 1099 1691 1173 interpellaverit,
1748 1101 1893 1156 tunc
1946 1099 2375 1157 convertendae
2406 1120 2461 1167 ιο

349 1191 488 1246 sunt
547 1207 750 1246 earum
807 1189 1118 1265 regionum
1179 1188 1632 1248 constitutiones
1645 1232 1661 1261 ‚
1724 1187 1819 1245 uti
1878 1205 2061 1263 quam
2114 1187 2375 1262 plurima

346 1295 486 1353 pars
544 1277 846 1336 moenium
904 1297 935 1335 e
997 1276 1235 1351 templis
1291 1269 1558 1358 deo!m
1613 1274 2027 1350 conspiciatur.
2116 1276 2263 1335 item
2320 1276 2374 1335 si
2393 1289 2487 1340 (1⁰)

347 1367 672 1424 secundum
707 1366 955 1424 flumina
993 1366 1166 1424 aedes
1205 1383 1407 1424 sacrae
1444 1365 1604 1441 fient,
1648 1365 1737 1423 ita
1774 1365 1863 1422 uti
1898 1365 2181 1440 Aegypto
2219 1365 2375 1424 circa

345 1454 570 1530 Nilum,
618 1455 696 1512 ad
739 1455 1002 1514 fluminis
1046 1454 1210 1529 ripas
1255 1455 1533 1513 videntur
1577 1456 1843 1529 spectare
1889 1453 2116 1512 debere.
2208 1453 2370 1512 simi-

345 1544 484 1603 liter
529 1545 580 1603 si
626 1544 848 1602 circum
901 1543 1029 1602 vias
1083 1543 1350 1617 publicas
1404 1546 1581 1602 erunt
1635 1541 1902 1601 aedificia
1955 1542 2228 1618 deorum,
2283 1543 2375 1601 ita
2402 1564 2459 1603 1⁵

347 1634 786 1692 constituantur
829 1633 924 1690 uti
967 1634 1411 1707 praetereuntes
1447 1632 1680 1706 possint
1712 1631 2003 1706 respicere
2040 1633 2102 1690 et
2135 1630 2199 1688 in
2238 1649 2371 1690 con-

345 1725 551 1797 spectu
596 1722 986 1780 salutationes
1032 1722 1243 1778 facere.

238 1811 316 1864 VI
481 1802 490 1891 Ι
531 1808 838 1869 Ostiorum
883 1812 1082 1868 autem
1129 1812 1190 1867 et
1233 1828 1442 1868 eorum
1478 1811 2076 1886 antepagmentorum
2110 1809 2175 1867 in
2211 1808 2371 1868 aedi·
2392 1822 2485 1872 (1⁵)

345 1898 455 1957 bus
500 1900 612 1957 hae
659 1902 798 1957 sunt
851 1899 1114 1958 rationes
1169 1898 1260 1956 uti
1305 1898 1564 1975 primum
1610 1897 2056 1957 constituantur
2104 1917 2224 1975 quo
2270 1918 2372 1977 ge—

347 2007 485 2047 nere
531 1989 654 2047 sint
695 1990 921 2047 futura.
993 2006 1210 2065 genera
1255 1991 1395 2047 sunt
1439 1988 1597 2047 enim
1639 1988 2023 2063 thyromaton
2060 1988 2223 2062 haec,
2265 1988 2371 2047 do·
2404 2011 2461 2048 20

345 2077 554 2151 ficum,
598 2078 876 2149 ionicum,
921 2077 1262 2153 atticurges.

477 2165 680 2225 Dorici
728 2166 1106 2241 symmetriae
1151 2166 1595 2240 conspiciuntur
1639 2165 1730 2223 his
1774 2164 2105 2224 rationibus
2146 2166 2238 2224 uti
2274 2184 2371 2225 co—

349 2246 510 2336 {rona
539 2272 784 2329 summa,
815 2272 967 2329 quae
994 2273 1174 2329 supra
1203 2257 1730 2330 antepagmentum
1752 2254 2021 2329 superius
2040 2254 2371 2330 inponitur,
2390 2268 2487 2319 (so)

346 2362 532 2419 aeque
590 2343 812 2402 librata
865 2344 946 2401 sit
1000 2342 1276 2418 capitulis
1331 2342 1575 2401 summis
1632 2344 2040 2401 columnarum
2095 2362 2250 2419 quae
2302 2343 2370 2403 in

344 2450 568 2507 pronao
613 2432 854 2490 fuerint.
928 2432 1128 2490 lumen
1173 2434 1375 2489 autem
1419 2431 1673 2506 thyretri
1716 2433 2119 2491 constituatur
2154 2433 2239 2491 sic
2272 2433 2370 2491 uti
2402 2455 2463 2495 25

347 2540 499 2596 quae
528 2520 788 2579 altitudo
815 2520 977 2579 aedis
1009 2539 1044 2579 a
1071 2520 1415 2595 pavimento
1446 2520 1523 2579 ad
1556 2520 1867 2579 lacunaria
1900 2521 2102 2596 fuerit,
2139 2521 2367 2580 divida-

342 2613 442 2667 tur
467 2610 531 2667 in
558 2613 756 2685 partes
791 2614 912 2669 tres
943 2610 1117 2669 semis
1147 2611 1207 2667 et
1235 2628 1306 2667 ex
1334 2609 1419 2667 eis
1447 2609 1601 2667 duae
1630 2612 1831 2684 partes
1863 2606 2125 2686 (semis)
2153 2610 2369 2669 lumini

483 2803 519 2850 4
563 2795 856 2869 incellae(e
897 2796 1026 2867 GS)
1070 2814 1124 2849 α’.
1189 2797 1208 2865 ΙΙ
1272 2800 1304 2848 6
1352 2795 1581 2850 orientis
1628 2796 1672 2849 ἅτ
1718 2795 1839 2851 sim.
1886 2814 1941 2851 x.
2004 2799 2025 2865 ΙΙ
2086 2802 2118 2849 8
2166 2796 2367 2851 eadem

342 2870 430 2937 (--=
461 2867 658 2921 eadem
691 2870 857 2923 simul
892 2870 960 2934 cf.
991 2868 1151 2921 Varr.
1180 2883 1226 2921 r.
1256 2885 1301 2920 r.
1329 2870 1387 2933 2,
1406 2872 1458 2934 5,
1476 2870 1534 2935 2)
1562 2867 1698 2921 HS:
1738 2866 1876 2921 aede
1907 2868 2031 2923 GSc
2061 2871 2069 2935 Ι
2102 2868 2147 2921 ἃ,
2184 2866 2366 2921 orien-

341 2940 456 2993 tem
492 2940 572 3008 (et
599 2938 812 2993 oriente
844 2938 917 3007 G)
945 2937 1164 2992 caelum
1190 2940 1270 2992 sic
1295 2955 1337 2991 x
1362 2939 1381 3007 ΙΙ
1410 2943 1441 2991 9
1473 2944 1601 3007 post
1638 2936 2016 2992 sacrificantes
2043 2956 2111 2993 ex
2136 2940 2365 2994 rubrica

341 3012 852 3134 fflffffffssffiess
876 3010 1190 3149 2¹53&ssss
1227 3009 1689 3147 ῗέἒῗηῗέἓιωω
1706 3025 1957 3149 ἲῖοῗῗί
1970 3009 2363 3148 ῗῖἐθεὴῗῗιῖἓ·

340 3168 487 3205 rum:
525 3166 718 3204 eorum
752 3168 806 3205 x.
854 3152 873 3219 ΙΙ
920 3155 985 3204 13
1023 3150 1180 3204 aedis
1219 3166 1381 3204 sacra
1416 3150 1514 3205 fiet
1548 3168 1589 3206 x
1626 3152 1739 3219 (sed
1772 3152 1872 3205 fiet
1906 3158 2033 3207 ante
2066 3169 2177 3207 ras,
2216 3152 2303 3206 G.
2346 3153 2365 3221 ΙΙ

343 3227 410 3274 15
447 3221 599 3275 eirca
648 3220 812 3290 (vias)
863 3227 989 3275 ante
1037 3238 1173 3276 corr.
1220 3224 1323 3291 (-ι“ι)
1365 3223 1431 3277 G.
1496 3224 1515 3291 ΙΙ
1580 3227 1647 3275 19
1684 3238 1794 3290 quo
1843 3223 1969 3279 GS:
2025 3223 2176 3291 quod
2276 3266 2288 3277 .
2344 3222 2369 3295 Η

343 3296 411 3345 20
447 3292 669 3345 futurae
705 3310 747 3346 ω
782 3295 939 3361 (corr.
977 3291 1165 3357 Nom).
1199 3295 1206 3361 Ι
1247 3292 1590 3347 thiromaton
1630 3294 1699 3361 G,
1736 3293 2136 3361 thyromathon
2171 3294 2297 3349 Hs.
2342 3300 2365 3362 l!

344 3368 410 3414 21
450 3361 764 3433 attigurges
790 3380 845 3417 x.
873 3364 893 3431 11
921 3366 987 3415 22
1025 3361 1237 3417 Dorici:
1277 3362 1491 3418 Horum
1516 3380 1571 3418 x.
1600 3366 1620 3432 ΙΙ
1647 3370 1715 3417 23
1750 3363 1889 3433 in(m
1920 3365 2223 3433 &monetur
2250 3364 2371 3421 HS

342 3433 381 3484 i.
419 3448 462 3486 e.
499 3432 786 3502 inponitur
822 3436 888 3488 G.
925 3434 946 3501 ΙΙ
981 3438 1048 3487 25
1085 3432 1347 3501 thyretri:
1385 3434 1610 3504 hypetri
1645 3452 1698 3489 x.
1742 3438 1761 3505 ΙΙ
1806 3441 1872 3489 27
1910 3452 1989 3488 m.
2030 3434 2197 3490 semis
2236 3436 2303 3490 G.
2350 3436 2361 3508 Ι

345 3502 489 3555 duae
526 3508 576 3576 (e
617 3506 746 3574 GS)
781 3506 970 3574 partes
1007 3504 1100 3572 (-is
1136 3504 1228 3573 H)
1264 3503 1473 3559 lumine
1511 3524 1566 3559 ω.
