2664 3927
341 159 470 224 194
1179 156 1511 212 VITRUVII

338 311 557 388 quibus
619 310 912 384 nascitur,
975 326 1150 367 sucus
1197 303 1208 386 Ι
1255 307 1461 367 subest
1524 307 1767 385 coaguli.
1824 310 2075 366 naturae
2129 307 2365 382 similis,
2384 318 2479 370 (2⁰)

338 400 549 460 deinde
603 419 736 458 cum
791 398 1108 456 commixta
1150 398 1242 456 vis
1290 396 1591 474 egreditur
1634 415 1743 474 per
1785 397 1980 456 fontes
2028 399 2194 456 extra
2238 399 2363 455 ter-

337 509 482 564 ram,
529 509 564 546 a
609 489 750 548 solis
798 490 859 546 et
903 488 1054 546 aeris
1099 487 1293 545 calore
1340 487 1574 562 cogitur
1610 486 1927 562 congelari,
1972 488 2041 543 ut
2077 486 2258 545 etiam
2294 487 2362 544 in

233 592 298 640 11
339 579 490 638 areis
537 578 862 636 salinarum
903 576 1156 635 videtur.
1236 576 1383 634 item
1428 577 1568 634 sunt
1614 593 1685 632 ex
1731 593 1932 633 amaro
1978 593 2117 633 suco
2163 577 2363 633 terrae

337 669 532 726 fontes
581 668 857 725 exeuntes
901 665 1278 723 vehementer
1323 665 1530 738 amari,
1572 666 1642 721 ut
1685 664 1750 721 in
1784 663 1977 722 Ponto
2015 666 2106 724 est
2139 663 2363 722 fiumen
2391 682 2419 724 ⁵

339 755 630 832 Hypanis.
718 755 770 812 is
831 773 866 811 a
925 753 1118 828 capite
1175 752 1420 828 profluit
1479 743 1731 833 circilter
1786 752 1955 810 milia
2008 771 2088 810 XL
2149 771 2360 830 sapor-e
2380 762 2474 814 (2⁵)

339 844 710 916 dulcissimO,
772 841 983 900 deinde
1045 859 1181 899 cum
1240 841 1514 918 pervenit
1567 840 1643 899 ad
1694 841 1892 900 locum
1932 838 1940 920 Ι
1982 840 2087 916 qui
2140 843 2230 900 est
2284 840 2363 898 ab
2382 848 2500 904 197

341 934 494 992 ostio
542 932 618 990 ad
662 931 830 990 milia
876 947 1014 1004 ch,
1059 929 1416 989 admiscetur
1462 931 1517 987 ei
1560 930 1883 990 fonticulus
1922 930 2141 1005 oppido
2180 949 2362 1006 quam

334 1022 636 1098 parvulus.
724 1021 776 1078 is
832 1038 965 1078 cum
1017 1020 1081 1076 in
1139 1039 1272 1078 eum
1315 1019 1541 1092 influit,
1593 1021 1735 1076 tunc
1778 1021 2011 1078 tantam
2056 1020 2361 1096 magnitu-

336 1111 533 1170 dinem
585 1109 843 1168 fluminis
905 1108 1052 1166 facit
1113 1127 1403 1182 amaram,
1463 1107 1596 1165 ideo
1661 1108 1818 1183 quod
1880 1127 1987 1184 per
2044 1108 2107 1166 id
2162 1127 2349 1184 genus
2384 1127 2441 1166 10

333 1203 528 1260 terrae
565 1202 626 1258 et
659 1216 840 1258 venas
875 1197 1032 1256 unde
1067 1197 1451 1256 sandaracam
1486 1196 1723 1254 fodiunt
1758 1216 1830 1255 ea
1866 1216 2023 1272 aqua
2057 1197 2357 1256 manando

335 1279 658 1369 perficiltur
702 1306 917 1346 amara.
2378 1295 2443 1346 (5)

196 1394 300 1441 ·12
469 1376 633 1436 Haec
697 1378 896 1434 autem
949 1374 1335 1433 dissimilibus
1392 1372 1701 1448 saporibus
1758 1393 1795 1432 a
1846 1377 2039 1433 terrae
2093 1376 2357 1450 proprie-

335 1469 464 1526 tate
508 1465 909 1543 perficiuntur,
956 1465 1046 1521 uti
1093 1464 1273 1521 etiam
1317 1463 1383 1519 in
1426 1462 1716 1522 fructibus
1761 1463 2012 1523 videtur.
2102 1464 2154 1522 si
2200 1465 2358 1522 enim

337 1555 564 1614 radices
615 1554 890 1613 arborum
935 1554 1040 1611 aut
1085 1553 1298 1611 vitium
1348 1553 1452 1608 aut
1494 1551 1859 1627 reliquorum
1904 1552 2193 1611 seminum
2236 1571 2355 1612 non
2386 1570 2443 1610 15

338 1663 408 1702 ex
461 1647 654 1704 terrae
707 1640 1170 1718 proprietatibus
1227 1658 1432 1698 sucum
1487 1640 1772 1715 capiendo
1828 1641 2067 1700 ederent
2110 1642 2353 1715 fructuS,

342 1750 460 1790 uno
499 1751 710 1809 genere
752 1725 760 1808 Ι
802 1733 996 1789 essent
1030 1731 1094 1787 in
1131 1728 1401 1789 omnibus
1437 1729 1583 1788 locis
1620 1732 1681 1788 et
1714 1729 2053 1806 regionibus
2092 1731 2355 1789 omnium
2374 1735 2471 1788 (1⁰)

339 1839 594 1895 sapores.
681 1820 784 1880 sed
830 1818 1353 1878 animadvertimus
1399 1819 1595 1876 insula
1640 1817 1831 1878 Lesbo
1876 1819 2082 1878 vinum
2124 1821 2357 1894 protro-

339 1929 512 1987 pum,
563 1910 836 1969 Maeonia
882 1909 1482 1982 catacecaumeniten,
1535 1907 1729 1983 Lydia
1774 1908 2096 1983 Tmoliten,
2152 1907 2358 1967 Sicilia

336 1998 780 2075 Mamertinum,
847 1996 1170 2073 Campania
1231 1996 1576 2072 Falernum,
1637 1998 1794 2056 inter
1856 1998 2234 2057 Terracinam
2298 2000 2359 2055 et
2388 2016 2444 2054 so

337 2086 578 2145 Fundos
627 2086 958 2145 Caecubum
1013 2086 1374 2163 reliquisque
1428 2085 1573 2145 locis
1627 2085 1895 2161 pluribus
1942 2086 2361 2145 innumerabili

337 2175 720 2235 multitudine
765 2194 980 2252 genera
1025 2175 1150 2233 vini
1190 2170 1198 2253 Ι
1238 2175 1607 2250 virtutesque
1652 2176 1965 2250 procreari.
2041 2194 2191 2251 quae
2237 2195 2359 2235 non
2378 2182 2471 2235 (15)

341 2266 514 2324 aliter
565 2267 820 2339 possunt
869 2263 999 2322 fieri
1052 2264 1169 2321 nisi
1215 2282 1353 2321 cum
1396 2266 1663 2323 terrenus
1708 2284 1881 2323 umor
1926 2266 2047 2323 suis
2092 2266 2356 2339 proprie-

337 2354 564 2413 tatibus
610 2354 836 2429 saporis
882 2354 945 2411 in
988 2352 1284 2411 radicibus
1330 2352 1561 2411 infusus
1607 2354 1833 2411 enutrit
1872 2355 2205 2428 materiam,
2250 2373 2359 2429 per

342 2462 521 2519 quam
575 2442 879 2519 egrediens
936 2441 1010 2499 ad
1065 2459 1344 2499 cacumen
1396 2441 1723 2516 profundat
1772 2443 2080 2517 proprium
2134 2443 2250 2507 loci
2297 2446 2359 2501 et
2388 2459 2444 2499 25

235 2548 301 2596 13
339 2532 570 2609 generis
615 2532 708 2591 sui
751 2532 988 2599 fructus„
1025 2547 1311 2605 saporem.
1387 2530 1597 2605 quodsi
1641 2532 1802 2589 terra
1842 2531 2153 2607 generibus
2190 2551 2357 2591 umo-

337 2640 475 2679 rum
508 2640 627 2691 non
664 2624 818 2680 esset
853 2619 1156 2679 dissimilis
1194 2621 1254 2678 et
1290 2610 1629 2701 dispalrata,
1664 2638 1783 2679 non
1818 2621 2054 2677 tantum
2090 2621 2153 2677 in
2183 2618 2357 2695 Syria
2376 2628 2471 2679 (2⁰)

341 2713 400 2769 et
443 2710 666 2769 Arabia
728 2711 792 2767 in
853 2707 1282 2766 harundinibus
1349 2710 1408 2766 et
1470 2709 1661 2767 iuncis
1714 2708 2029 2783 herbisque
2086 2709 2356 2768 omnibus

484 2869 511 2915 1
551 2861 754 2931 quibus
792 2862 838 2930 (t
873 2876 985 2928 qua
1013 2860 1092 2929 15¹2)
1127 2859 1178 2913 is
1213 2858 1465 2913 nascitur
1498 2878 1553 2914 ω.
1609 2862 1627 2929 ΙΙ
1682 2864 1715 2911 3
1753 2859 1907 2913 calor
1943 2859 2018 2912 Η.
2076 2861 2095 2929 ΙΙ
2148 2865 2183 2913 4
2220 2859 2356 2913 sali-

338 2950 537 2989 narum
575 2936 674 3002 (-e)
701 2932 838 2987 HS:
877 2929 998 2985 -riis
1029 2932 1163 2987 EG.
1210 2932 1230 2999 ΙΙ
1277 2936 1309 2983 6
1346 2929 1571 2999 hipanis
1609 2930 1870 2999 HS(G0)=
1908 2929 2132 3000 inpanis
2162 2930 2298 2985 EG.
2342 2931 2355 3004 Ι

337 3004 387 3057 is
425 3022 524 3061 om.
557 3021 613 3058 x.
665 3001 674 3074 Ι
721 3022 791 3055 11,
821 3046 834 3058 .
864 3046 878 3057 .
910 3046 920 3056 .
951 3020 1053 3055 cnx
1089 3004 1209 3071 (sic)
1245 3020 1286 3056 x
1322 3004 1435 3070 (sed
1472 3003 1540 3069 cf.
1574 3002 1779 3056 Herod.
1808 3007 1862 3069 4,
1882 3003 1993 3070 52).
2049 3004 2069 3071 ΙΙ
2123 3008 2155 3054 9
2191 3003 2359 3055 tanta

337 3073 732 3147 magnitudine
759 3074 837 3128 H.
891 3075 912 3141 ΙΙ
967 3079 1030 3127 11
1069 3090 1244 3128 venas
1280 3072 1481 3128 HSG:
1529 3088 1675 3127 vena
1701 3072 1762 3126 Ε
1794 3074 1969 3141 (venae
2002 3074 2121 3140 Ec).
2172 3075 2181 3141 Ι
2230 3089 2360 3127 san-

340 3163 547 3217 daraca
583 3165 697 3233 (-ca
725 3161 868 3231 EG)
903 3144 1370 3231 fodiunturotl)
1406 3178 1461 3215 x.
1513 3164 1522 3229 Ι
1572 3177 1664 3217 ea:
1704 3161 1751 3215 a
1786 3164 1865 3231 (et
1896 3162 1967 3229 G)
2002 3179 2057 3216 ω.
2103 3164 2122 3229 ΙΙ
2170 3167 2235 3215 18
2272 3160 2361 3214 in-

341 3234 522 3289 sulam
552 3234 650 3303 (41)
687 3231 886 3286 lesbon
919 3250 974 3287 x.
1022 3236 1031 3301 Ι
1075 3234 1364 3302 protyrum
1399 3231 1707 3286 maloniam
1734 3235 1835 3301 (·a)
1872 3234 2067 3286 eatace
2094 3236 2237 3303 (-cae
2266 3232 2360 3303 H)

343 3320 595 3359 caumen.
667 3304 810 3357 Item
844 3302 1044 3356 lidiam
1084 3302 1321 3358 moliton
1360 3302 1602 3357 siciliam
1636 3322 1691 3359 ω.
1720 3306 1741 3374 ΙΙ
1768 3308 1837 3356 20
1874 3302 2229 3373 campaniam
2257 3304 2358 3373 (-a)

341 3388 394 3425 ω.
427 3375 438 3441 Ι
467 3372 808 3427 inter-racina
828 3372 994 3443 (inter
1020 3372 1214 3427 racina
1235 3375 1308 3445 G)
1325 3374 1474 3443 &‘(et
1492 3374 1563 3443 G)
1590 3374 1781 3429 fundis
1810 3377 1963 3447 cacoe
1979 3372 2235 3443 S)sibum
2254 3376 2359 3443 (-ῦ)

339 3442 939 3584 ici-tuiissugroprietnatflisg
949 3444 1010 3497 Ε
1018 3444 1070 3498 G·
1097 3444 1294 3525 (04111113
1324 3444 1441 3499 HS
1450 3445 1557 3514 GC).
1586 3448 1605 3515 ΙΙ
1633 3451 1701 3499 24
1729 3462 1955 3514 sapores
1982 3462 2035 3499 x.
2071 3447 2079 3515 Ι
2112 3444 2358 3500 infusus:

605 3530 672 3565 us
707 3532 761 3567 x.
977 3530 1182 3569 iuncis:
1219 3532 1401 3569 u1ne1s
1438 3532 1493 3569 x.
