2664 3927
703 162 799 218 DE
836 161 1396 218 ARCHITECTURA
1427 162 1563 218 ΜΒ.
1601 163 1668 232 Χ,
1709 170 1790 218 12.
1833 170 1897 219 13
2179 167 2310 232 269

290 312 558 391 figunt-ur
592 313 878 388 chelonia,
907 314 979 371 ‚in
1012 313 1225 389 quibus
1252 313 1636 373 includuntur
1663 315 1918 374 suculae.
1983 336 2091 391 per
2115 317 2312 376 media

214 413 274 466 (5)
295 404 495 461 autem
548 403 744 477 spatia
798 393 1120 484 tignolrum
1172 402 1514 462 insecantur
1559 405 1620 461 et
1673 402 2021 463 exciduntur
2067 407 2312 481 formae,

292 491 356 550 in
402 489 614 567 quibus
668 491 1057 550 excisionibus
1112 491 1496 551 includuntur
1541 492 1804 568 capitula
1853 492 2311 570 catapultarum‚

293 579 610 656 cuneisque
648 579 1007 639 distinentur
1032 599 1105 638 ne
1142 580 1207 638 in
1242 580 1717 640 contentionibus
1753 585 2118 642 moveantur.
2182 586 2313 642 tum

238 689 265 730 s
293 688 432 728 vero
488 669 734 728 modioli
788 668 947 728 aerei
1000 668 1065 726 in
1120 687 1190 727 ea
1247 670 1512 746 capitula
1567 670 1950 731 includuntur
1986 674 2055 730 -et
2099 672 2168 730 in
2213 690 2311 732 eos

292 759 528 818 cuneoli
563 758 759 832 ferrei,
796 776 944 833 quas
983 757 1344 826 επιζυγιδαε
1380 757 1595 818 >Graeci
1630 762 1866 836 vocant,
1912 761 2311 820 conlocantur.

186 855 272 909 (10)
290 847 501 906 deinde
527 865 710 905 ansae
735 847 1079 906 rudentium
1104 837 1410 928 indunltur
1444 867 1551 924 per
1585 848 1879 909 foramina
1916 849 2313 926 capitulorum
2349 857 2380 904 2

292 939 352 995 ct
387 937 451 993 in
486 935 740 994 alteram
774 939 1008 1011 partem
1043 934 1418 1012 traiciuntur,
1454 937 1663 996 deinde
1698 938 1763 996 in
1793 939 2028 999 suculas
2056 939 2309 998 coiciun-

290 1027 390 1083 tur
435 1026 495 1083 et
539 1023 942 1098 involvuntur,
986 1024 1083 1083 uti
1123 1024 1392 1086 vectibus
1446 1044 1556 1101 per
1599 1044 1698 1086 eas
1745 1028 1970 1088 extenti
2016 1028 2311 1103 rudenteS‚

212 1134 265 1174 ιο
292 1132 427 1172 cum
486 1112 759 1173 manibus
822 1117 963 1173 sunt
1023 1114 1174 1172 tacti
1187 1160 1202 1190 ‚
1266 1115 1578 1190 aequalem
1640 1116 1704 1173 in
1767 1119 2020 1192 utraque
2081 1118 2309 1177 sonitus

290 1201 552 1261 habeant
593 1221 955 1279 responsum.
1032 1206 1176 1262 tunc
1221 1210 1424 1263 autem
1468 1203 1667 1264 cuneis
1713 1204 1791 1262 ad
1834 1205 2129 1264 foramina
2175 1225 2308 1266 con—

182 1302 272 1352 <16)
292 1291 635 1368 cluduntur,
689 1293 759 1350 ut
811 1311 930 1351 non
983 1292 1216 1369 possint
1268 1311 1332 1352 se
1385 1283 1723 1373 remitltere.
1811 1294 1900 1351 ita
1954 1293 2188 1353 traiecti
2247 1295 2311 1353 in

242 1383 249 1390 ’
290 1381 544 1439 alteram
598 1383 833 1457 partem
886 1381 1092 1440 eadem
1149 1381 1382 1440 ratione
1435 1381 1702 1441 vectibus
1759 1401 1865 1457 per
1921 1382 2156 1442 suculas
2215 1402 2309 1442 ex-

289 1469 639 1546 tenduntur,
698 1470 883 1529 donec
936 1470 1269 1546 aequaliter
1322 1473 1550 1530 sonent.
1648 1472 1736 1529 ita
1801 1489 2118 1530 cuneorum
2175 1490 2309 1530 con-

204 1577 263 1618 15
290 1558 649 1619 clusionibus
722 1560 800 1618 ad
870 1559 1131 1619 sonitum
1199 1559 1441 1620 musicis
1505 1558 1907 1619 auditionibus
1969 1560 2310 1636 catapultae

290 1651 710 1725 temperantur.

423 1737 512 1795 De
574 1737 667 1796 his
730 1736 904 1796 rebus
970 1755 1121 1812 quae
1176 1737 1350 1812 potui
1404 1737 1540 1797 dixi.
1639 1740 1826 1797 restat
1879 1737 2025 1795 mihi
2081 1738 2154 1796 de
2209 1756 2310 1814 op-

187 1836 273 1885 (20)
289 1817 679 1907 {pugnatoriis
716 1825 889 1884 rebus
936 1824 1433 1900 quemadmodum
1467 1825 2001 1886 machinationibus
2039 1829 2100 1885 et
2135 1826 2310 1887 duces

290 1914 543 1974 victores
598 1916 659 1973 et
712 1914 984 1974 civitates
1048 1914 1323 1975 defensae
1387 1933 1512 1975 esse
1567 1915 1813 1991 possint.
1909 1916 2168 1993 primum
2231 1916 2310 1976 ad
2335 1913 2463 1970 xm

203 2024 264 2063 so
290 2003 764 2081 oppugnationes
826 2004 983 2063 aries
1045 2004 1129 2063 sic
1181 2004 1456 2063 inventus
1509 2006 1872 2063 memoratur
1925 2024 2067 2065 esse.
2168 2004 2306 2065 Oar-

291 2092 693 2168 thaginienses
728 2092 807 2151 ad
844 2090 1037 2151 Gades
1075 2093 1507 2171 oppugnandas
1545 2096 1740 2153 castra
1775 2097 2114 2169 posuerunt.
2173 2113 2309 2154 cum
2417 2119 2424 2131 ’

185 2193 272 2245 (25)
286 2182 493 2239 autem
547 2181 857 2241 castellum
910 2184 1051 2241 ante
1097 2182 1415 2258 cepissent,
1467 2182 1531 2240 id
1575 2182 1847 2241 demoliri
1891 2186 2031 2242 sunt
2074 2174 2308 2265 colnati.

154 2280 273 2336 223
286 2272 683 2347 posteaquam
736 2290 855 2330 non
908 2269 1243 2329 habuerunt
1295 2271 1375 2329 ad
1417 2271 1860 2331 demolitionem
1909 2263 2306 2355 ferralmenta,

292 2361 669 2436 sumpserunt
722 2359 958 2437 tignum
1010 2359 1189 2435 idque
1243 2360 1516 2420 manibus
1572 2361 1932 2421 sustinentes
1996 2362 2308 2438 capiteque

210 2469 265 2512 π
292 2447 417 2508 eius
463 2467 757 2507 summum
800 2468 1035 2507 murum
1080 2450 1450 2508 continenter
1500 2450 1806 2525 pulsantes
1851 2468 2110 2509 summos
2158 2450 2309 2526 lapi-

292 2537 435 2596 dum
479 2537 713 2597 ordines
758 2536 1107 2613 deiciebant,
1153 2541 1215 2597 et
1257 2538 1347 2596 ita
1391 2538 1689 2615 gradatim
1741 2558 1813 2598 ex
1860 2538 2064 2598 ordine
2117 2542 2308 2599 totam

438 2820 465 2868 1
498 2812 787 2869 chelonia-e
814 2814 890 2887 (ἢ
918 2813 1050 2883 GS)
1076 2830 1131 2869 ω.
1166 2815 1174 2882 1
1206 2813 1508 2869 cluduntur
1530 2831 1586 2868 x.
1615 2817 1634 2884 11
1661 2820 1693 2868 2
1723 2817 1780 2869 et
1815 2832 1917 2871 om.
1945 2832 2000 2869 x.
2028 2817 2047 2885 11
2072 2822 2108 2869 4
2141 2814 2309 2870 diste-

290 2886 496 2939 nentur
528 2903 584 2941 x.
631 2887 651 2955 11
696 2889 728 2938 6
761 2900 835 2939 ea
870 2887 1018 2954 (wate
1052 2890 1214 2954 corr.)
1248 2902 1349 2940 om.
1384 2887 1451 2941 G.
1491 2887 1512 2955 11
1551 2891 1584 2939 6
1622 2886 1952 2956 epysycidas
1979 2904 2021 2941 ω
2047 2889 2136 2957 (===
2165 2888 2227 2941 H
2239 2886 2310 2955 G,

293 2955 586 3027 epistylias
614 2956 699 3024 S).
735 2956 755 3025 11
792 2960 821 3009 ’1
858 2955 1101 3009 rudentfi
1136 2954 1448 3011 induuntur
1479 2974 1536 3010 x.
1571 2959 1592 3026 11
1626 2962 1658 3011 8
1697 2960 1755 3011 et
1787 2974 1890 3012 om.
1925 2976 1983 3013 m.
2015 2959 2024 3028 1
2063 2960 2308 3028 partem:

290 3026 495 3095 pai-iffi
524 3028 601 3081 H.
634 3029 645 3097 1
678 3026 929 3081 suculam
956 3028 1038 3096 (-a
1064 3027 1131 3097 S)
1156 3045 1214 3083 x.
1242 3028 1263 3096 11
1289 3033 1321 3081 9
1359 3029 1418 3082 et
1443 3044 1543 3083 om.
1571 3045 1626 3083 ω.
1661 3030 1670 3099 1
1700 3044 1800 3099 per
1826 3044 1921 3083 eas
1947 3029 2309 3084 extrudentes

290 3114 347 3151 x.
394 3100 413 3166 11
460 3103 525 3151 10
561 3097 625 3151 in
659 3099 787 3152 utro
825 3113 897 3153 ue
930 3116 971 3153 a·
1006 3098 1097 3168 (cf.
1118 3116 1178 3168 p.
1210 3103 1263 3166 6,
1280 3102 1354 3169 9).
1399 3100 1420 3169 11
1466 3104 1529 3153 11
1570 3099 1783 3154 habent
1815 3117 1871 3155 ω.
1927 3102 1946 3170 11
2002 3104 2068 3153 14
2105 3102 2310 3154 sonant

292 3170 441 3235 (ante
474 3171 578 3239 6428.
616 3171 777 3239 corr.)
870 3212 881 3224 .
910 3170 929 3239 11
959 3173 1023 3223 15
1062 3170 1356 3241 catapulta
1389 3187 1445 3225 x.
1473 3172 1494 3241 11
1524 3175 1587 3224 17
1617 3172 1795 3225 restat
1829 3170 1970 3225 mihi
1998 3175 2090 3239 (sc.
2121 3170 2307 3226 dicere

290 3238 493 3295 Prawn
527 3240 679 3296 Bem.
700 3256 762 3310 p.
792 3244 865 3295 19
896 3241 965 3308 cf.
987 3259 1047 3311 p.
1076 3244 1334 3311 zum).
1395 3242 1658 3311 capitulis
1691 3244 2034 3313 sequentibus
2067 3244 2310 3299 mecm-it

292 3310 564 3367 Athenaei
578 3318 761 3369 textus
777 3328 1004 3383 graecus
1025 3313 1124 3379 (od.
1150 3313 1399 3369 Wescher
1418 3315 1588 3383 1867)
1605 3315 1831 3369 eumdem
1849 3330 2003 3383 quem
2021 3314 2310 3369 Vitruvius

290 3389 565 3439 auctorem
598 3385 943 3453 wempentis.
970 3384 991 3452 11
1020 3388 1088 3437 20
1124 3383 1560 3455 oppugnationis
1590 3385 1660 3439 H
1687 3387 1833 3455 (mes
1865 3385 2010 3455 68).
2033 3385 2054 3455 ·1
2085 3384 2306 3439 charta-

292 3451 574 3524 ginienses
611 3454 681 3509 H
718 3457 961 3525 (menses
998 3454 1151 3523 Sca,
1194 3455 1299 3509 -sis
1339 3456 1421 3525 S).
1485 3458 1504 3526 11
1567 3462 1632 3510 21
1671 3455 1836 3526 gadis
1871 3473 1912 3511 x
1957 3455 2103 3520 (-des
2143 3457 2250 3525 ΘΟ).
2288 3455 2309 3527 11

291 3530 361 3579 22
398 3525 715 3597 coepissent
747 3542 802 3581 x.
836 3529 846 3595 1
876 3525 937 3579 id
974 3524 1191 3581 emoliri
1220 3528 1293 3596 G,
1326 3526 1671 3581 iddemolliri
1697 3528 1765 3581 H
1787 3524 2065 3597 (demoliri
2091 3526 2234 3597 PS).
