2664 3927
810 172 907 226 DE
945 171 1509 227 ARCHITECTURA
1543 171 1675 227 LIB.
1714 172 1818 226 Vll
2201 173 2325 237 159

304 322 561 399 amplius
589 341 729 382 vero
766 324 830 381 in
866 322 929 381 id
967 342 1151 399 genus
1188 323 1517 398 scripturae
1555 323 1747 382 adhuc
1783 342 1956 383 nemo
1992 323 2327 383 incubuisse
2367 340 2436 391 15

300 412 563 487 videtur,
618 431 752 471 cum
806 412 1059 471 fuissent
1112 414 1174 470 et
1228 412 1463 487 antiqui
1517 413 1674 472 cives
1732 414 1938 490 magni
2001 412 2328 489 architecti,

304 500 407 577 qui
466 502 803 577 potuissent
863 520 983 560 non
1044 501 1239 559 minus
1303 501 1608 578 eleganter
1671 502 1893 577 scripta
1966 519 2326 576 comparare.

301 610 559 666 namque
584 589 838 648 Athenis
868 587 1201 649 Antistates
1239 592 1301 648 et
1339 588 1743 651 Callaeschros
1781 594 1842 649 et
1876 588 2324 649 Antimachides

158 689 287 742 (15)5
302 682 363 738 et
431 679 678 737 Pormos
751 678 1060 736 architecti
1114 669 1122 759 Ι
1173 676 1490 738 Pisistrato
1563 679 1770 738 aedem
1841 679 1972 739 Iovi
2046 676 2325 755 Olympio

299 768 546 827 facienti
580 767 969 825 fundamenta
1006 767 1457 841 constituerunt,
1501 770 1639 843 post
1673 772 1926 827 mortem
1962 771 2163 827 autem
2201 768 2326 827 eius

300 859 545 933 propter
586 856 1132 931 interpellationem
1184 855 1273 915 rei
1323 854 1596 932 publicae
1651 858 1890 933 incepta
1939 857 2323 933 reliquerunt.

298 946 509 1022 itaque
532 944 767 1003 circiter
793 944 964 1003 annis
990 939 1525 1024 (quadringentis)
1550 948 1689 1021 post
1705 945 2034 1005 Antiochus
2062 965 2164 1004 rex
2192 965 2327 1005 cum

301 1036 365 1093 in
408 1034 473 1092 id
508 1052 657 1110 opus
701 1034 1013 1110 inpensam
1058 1035 1213 1091 esset
1254 1032 1578 1109 pollicituS,
1624 1034 1808 1093 cellae
1853 1034 2326 1112 magnitudinem

138 1135 234 1188 (so)
247 1136 301 1176 ιο
310 1126 371 1182 et
408 1123 816 1181 columnarum
852 1123 1008 1181 circa
1040 1112 1047 1203 Ι
1080 1121 1356 1197 dipteron
1393 1122 1861 1181 conlocationem
1888 1123 2326 1201 epistyliorum-

302 1231 419 1287 que
466 1215 527 1270 et
572 1214 903 1269 ceterorum
948 1213 1430 1271 ornamentorum
1475 1210 1551 1269 ad
1597 1213 2002 1287 symmetriam
2048 1213 2326 1271 distribu-

300 1302 525 1359 tionem
568 1319 788 1378 magna
834 1300 1103 1359 sollertia
1148 1299 1514 1375 scientiaque
1557 1318 1788 1359 summa
1833 1300 1976 1359 civis
2023 1301 2324 1361 Romanus

304 1388 607 1449 Cossutius
652 1390 935 1449 nobiliter
980 1392 1071 1449 est
1116 1388 1556 1447 architectatus
1649 1389 1712 1448 id
1761 1392 1965 1447 autem
2011 1408 2158 1465 opus
2204 1410 2326 1450 non

298 1479 474 1538 modo
502 1479 683 1557 vulgo
720 1478 824 1537 sed
860 1480 1044 1537 etiam
1078 1478 1143 1535 in
1178 1478 1384 1553 paucis
1423 1496 1458 1537 a
1493 1477 1938 1555 magnificentia
1963 1479 2323 1538 nominatur.

162 1577 279 1633 161
302 1587 443 1627 nam
506 1570 794 1644 quattuor
854 1568 999 1627 locis
1073 1570 1215 1626 sunt
1254 1562 1263 1645 Ι
1305 1567 1542 1626 aedium
1605 1585 1909 1627 sacrarum
1979 1568 2324 1628 marmoreis
2363 1583 2430 1631 16

220 1678 272 1718 16
302 1657 573 1733 operibus
638 1660 883 1715 ornatae
948 1656 1364 1732 dispositiones
1377 1701 1392 1730 ,
1465 1676 1495 1713 e
1562 1655 1773 1732 quibus
1835 1657 2074 1732 proprie
2138 1656 2209 1714 de
2271 1655 2324 1715 is

297 1747 731 1805 nominationes
794 1745 1125 1805 clarissima
1185 1745 1351 1802 fama
1413 1746 1810 1804 nominantur.
1914 1764 2167 1820 quarum
2227 1764 2322 1803 ex-

300 1834 610 1893 cellentiae
663 1834 1104 1910 prudentesque
1160 1834 1591 1911 cogitationum
1645 1836 1970 1910 apparatus
2017 1837 2322 1909 suspectus

220 1931 281 1984 (5)
297 1921 522 1982 habent
567 1922 633 1980 in
683 1922 929 1982 deorum
979 1922 1356 1983 caerimonio.
1446 1913 1840 2005 primumlque
1891 1922 2054 1983 aedis
2099 1923 2321 1999 Ephesi

221 2032 275 2071 so
299 2011 532 2070 Dianae
576 2013 770 2070 ionico
817 2030 1031 2089 genere
1077 2011 1151 2070 ab
1192 2011 1622 2088 Chersiphrone
1662 2011 1882 2072 Gnosio
1931 2015 1992 2071 et
2034 2013 2158 2073 filio
2196 2014 2321 2072 eius

300 2100 613 2176 Metagene
684 2104 775 2159 est
837 2101 1142 2176 instituta,
1216 2119 1398 2176 quam
1459 2103 1670 2176 postea
1733 2101 2071 2161 Demetrius
2134 2103 2322 2178 ipsius

298 2189 531 2248 Dianae
590 2207 793 2247 servus
848 2192 910 2247 et
960 2188 1254 2249 Paeonius
1308 2189 1602 2265 Ephesius
1658 2190 1937 2250 dicuntur
1988 2191 2321 2266 perfecisse.

297 2277 493 2337 Mileti
555 2277 826 2354 Apollini
896 2279 1043 2336 item
1105 2278 1315 2338 ionicis
1381 2279 1740 2354 symmetriis
1805 2280 1964 2338 idem
2026 2280 2321 2340 Paeonius

190 2380 279 2430 (ιο)
298 2367 687 2443 Daphnisque
749 2367 1016 2426 Milesius
1086 2367 1492 2426 instituerunt.
1599 2368 1879 2427 Eleusine
1920 2364 1928 2447 Ι
1971 2367 2197 2428 Cereris
2263 2372 2324 2428 et

218 2477 271 2518 25
298 2455 688 2532 Proserpinae
727 2455 939 2514 cellam
972 2456 1198 2515 inmani
1233 2457 1646 2533 magnitudine
1672 2457 1894 2517 Ictinos
1921 2457 2121 2517 dorico
2158 2477 2322 2518 more

300 2546 425 2604 sine
462 2544 847 2604 exterioribus
880 2545 1167 2604 columnis
1196 2545 1273 2602 ad
1298 2545 1704 2604 laxamentum
1732 2565 1870 2606 usus
1899 2547 2322 2606 sacrificiorum

439 2722 473 2769 4
510 2714 809 2769 antistates
856 2715 975 2796 (sic)
954 2717 1065 2785 )oe.
1118 2715 1126 2787 Ι
1177 2713 1546 2769 callescheros
1584 2715 1712 2782 HS,
1758 2715 1901 2769 calle
1927 2713 1935 2786 Ι
1959 2715 2245 2771 cherosG

299 2791 331 2839 5
365 2803 591 2869 pormos
618 2786 749 2854 HS,
784 2785 1009 2856 porinos
1044 2787 1109 2842 G.
1138 2788 1157 2856 ΙΙ
1188 2791 1216 2838 7
1247 2784 1592 2868 reipublice
1625 2757 1750 2841 GS:
1788 2803 1888 2856 reg
1889 2785 1911 2838 i
1914 2784 2164 2868 ’publice
2193 2717 2270 2841 H.

298 2863 329 2912 8
368 2857 821 2928 quadringentis.
862 2856 1115 2910 ducentis
1152 2874 1206 2912 ω.
1241 2858 1250 2926 Ι
1284 2857 1500 2938 anthi}
1502 2873 1632 2910 ocus
1663 2857 1737 2910 H.
1777 2858 1796 2926 ΙΙ
1840 2863 1871 2910 9
1908 2855 2211 2926 impinsam

296 2929 610 3000 impensam
647 2929 732 2983 Ηο
745 2929 814 2996 G,
850 2926 1143 2998 inpensam
1180 2928 1233 2984 S.
1281 2930 1299 2997 ΙΙ
1348 2933 1413 2980 12
1452 2927 1618 2982 civis:
1665 2927 1822 2982 cuius
1859 2927 1915 2983 S.
1971 2927 1990 2997 ΙΙ
2045 2932 2113 2980 14
2149 2927 2318 2998 volgo

295 3001 372 3056 H.
412 3004 430 3071 ΙΙ
469 3007 534 3055 16
573 3001 643 3054 de
679 3000 727 3053 is
766 3001 1157 3069 (wtp.1,16):
1197 2997 1356 3052 dehis
1393 3016 1448 3054 x.
1490 3001 1510 3068 ΙΙ
1552 3003 1616 3052 17
1657 3016 1892 3067 quorum
1926 3017 1982 3054 x.
2025 3000 2044 3069 ΙΙ
2088 3004 2154 3052 18
2189 3016 2319 3068 pru—

298 3072 481 3126 dentis
520 3072 637 3126 HS
680 3073 811 3142 (·tes
852 3073 941 3140 G).
997 3043 1023 3140 ΙΙ
1071 3075 1137 3123 19
1185 3069 1549 3124 caerimonio:
1604 3086 1926 3126 sesemaneo
1965 3070 2107 3138 HG,
2153 3086 2214 3124 se
2259 3087 2317 3124 se

294 3179 475 3232 man&
511 3178 555 3233 S
595 3149 949 3248 (sesemaneo
989 3177 1098 3248 G).
1150 3176 1159 3246 Ι
1210 3176 1378 3231 aedes
1421 3195 1477 3232 α’.
1531 3179 1551 3248 ΙΙ
1605 3182 1674 3231 20
1721 3177 1793 3232 ab
1846 3177 2171 3247 ctesiphone
2207 3195 2261 3232 x.
2299 3177 2319 3250 ΙΙ

294 3254 361 3302 21
400 3249 685 3320 metagine
721 3247 839 3304 HS
872 3251 953 3320 (-g
956 3265 1057 3302 ene
1098 3249 1183 3317 G).
1242 3252 1261 3315 ΙΙ
1315 3253 1382 3301 22
1422 3264 1614 3302 servus
1651 3251 1760 3318 (-os
1799 3249 1890 3318 H)
1934 3266 2004 3303 sc.
2050 3255 2177 3303 παῖε
2215 3253 2319 3316 τῆς

295 3325 425 3374 θεοῦ
456 3321 845 3375 Haussoullier
872 3321 1022 3389 (Rev.
1053 3321 1117 3462 al'e
1140 3321 1276 3388 phil.
1305 3331 1428 3378 XXI,
1457 3323 1599 3392 112).
1595 3320 1713 3445 ipA
1674 3320 1944 3390 poeonius
1977 3321 2076 3389 G(
2077 3335 2208 3388 p-ae
2237 3319 2318 3386 H,

294 3407 389 3459 pe·
418 3391 503 3460 S)
558 3393 577 3460 ΙΙ
632 3396 698 3444 23
736 3390 932 3446 meleti
964 3408 1019 3446 x.
1132 3391 1379 3461 apolloni
1419 3391 1487 3447 G.
1539 3392 1617 3464 Ιι
1659 3407 1748 3445 em
1790 3391 1914 3446 GS.
1963 3391 2146 3446 eidem
2183 3391 2259 3447 H.
2248 3391 2319 3534 ΙΙ

296 3466 365 3514 24
406 3461 661 3544 daphnis
718 3462 795 3518 G.
862 3393 1122 3544 daphinis
1166 3410 1305 3517 HS.
1378 3464 1386 3532 Ι
1455 3463 1656 3517 cereris
1717 3463 1842 3518 GS.
1908 3461 2250 3517 ca&erisH

296 3537 363 3585 25
400 3532 533 3590 icti
554 3549 655 3587 nos
686 3533 765 3600 H,
801 3532 903 3586 icti
938 3550 1039 3586 nos
1079 3533 1134 3602 S,
1179 3533 1386 3588 ictinus
1429 3534 1496 3588 G.
