2664 3927
239 701 293 756 V

320 188 410 253 40
827 202 832 209 ·
1161 186 1493 241 VITRUvn

319 337 736 416 pinguitudine
763 338 888 397 eius
915 337 1046 397 calx
1073 337 1248 414 palea
1275 328 1611 419 comlmixta
1636 338 1881 413 propter
1906 332 2338 394 vehementiam
2356 346 2450 399 (25)

321 447 442 487 non
485 429 684 503 potest
729 427 854 487 sine
897 426 1064 486 rimis
1108 427 1453 486 inarescere.
1494 420 1503 505 Ι
1542 424 1847 485 fluviatica
1892 442 2049 501 ver0,
2093 426 2339 500 propter
2366 430 2445 487 41

320 515 695 576 macritatem
756 514 986 574 inutilis
1047 514 1306 592 signin0,
1370 514 1724 575 liaculorum
1778 512 2220 573 subactionibus
2274 512 2337 570 in

322 605 571 665 tectorio
616 603 830 679 recipit
875 602 1252 662 soliditatem.

452 694 544 752 De
578 693 836 752 harenae
873 692 1057 769 copiis
1095 710 1232 751 cum
1265 690 1558 751 habeatur
1584 689 1959 767 explicatum,
1997 693 2127 750 tum
2154 689 2336 749 etiam
2364 709 2389 749 5

320 782 394 842 de
450 782 611 842 calce
667 780 980 858 diligentia
1035 782 1127 839 est
1179 779 1512 839 adhibenda
1564 779 1660 838 uti
1712 778 1784 838 de
1840 778 1976 838 albo
2032 796 2173 837 saxo
2232 781 2337 837 aut

321 870 485 931 silice
526 869 534 943 Ι
575 870 878 945 coquatur.
971 871 1032 927 et
1085 886 1236 944 quae
1292 870 1407 928 erit
1452 888 1522 927 ex
1564 867 1753 945 spisso
1800 870 1862 927 et
1906 867 2169 941 duriore,
2222 867 2336 926 erit
2354 874 2418 928 (5)

319 959 486 1019 utilis
530 958 595 1017 in
650 960 977 1033 structura,
1031 975 1182 1033 quae
1229 960 1433 1016 autem
1478 976 1549 1016 ex
1591 950 1888 1032 fistuloso,
1937 957 2000 1013 in
2053 955 2336 1015 tectoriis.

322 1067 456 1108 cum
510 1065 580 1106 ea
635 1046 747 1106 erit
801 1046 1088 1120 extincta,
1147 1048 1290 1105 tunc
1346 1046 1599 1104 materia
1649 1044 1739 1104 ita
1790 1043 2110 1103 misceatur
2162 1046 2231 1102 ut
2284 1045 2335 1102 si

321 1136 435 1195 erit
485 1134 751 1212 fossicia,
813 1137 934 1194 tres
987 1134 1242 1193 harenae
1298 1136 1360 1192 et
1412 1153 1533 1193 una
1586 1132 1762 1192 calcis
1814 1131 2231 1207 infundantur,
2285 1132 2338 1191 si
2366 1151 2420 1191 10

321 1228 521 1285 autem
581 1222 884 1282 fluviatica
938 1226 1043 1282 aut
1095 1224 1328 1282 marina
1382 1222 1533 1281 duae
1586 1222 1842 1281 harenae
1888 1224 1950 1280 et
1993 1240 2113 1280 una
2158 1221 2336 1281 calcis

322 1313 665 1376 coiciantur.
718 1314 807 1373 ita
835 1312 992 1373 enim
1019 1314 1134 1374 erit
1155 1305 1163 1395 Ι
1185 1314 1346 1372 iusta
1371 1312 1526 1370 ratio
1553 1310 1854 1372 mixtionis
1882 1312 2337 1386 temperaturae.
2356 1318 2445 1371 (1⁰)

323 1405 504 1463 etiam
560 1404 623 1462 in
677 1403 986 1463 fluviatica
1039 1405 1145 1462 aut
1197 1400 1430 1461 marina
1484 1400 1536 1459 si
1581 1400 1685 1477 qui
1728 1400 1947 1458 testam
1990 1401 2233 1459 tunsam
2279 1402 2340 1458 et

321 1495 650 1553 succretam
695 1511 766 1551 ex
809 1492 991 1551 tertia
1033 1494 1205 1567 parte
1251 1490 1551 1565 adiecerit,
1598 1489 1815 1549 efficiet
1858 1489 2144 1549 materiae
2188 1491 2339 1548 tem·

319 1585 662 1659 paraturam
707 1579 784 1639 ad
837 1598 1012 1638 usum
1054 1580 1375 1639 meliorem.
1466 1597 1647 1655 quare
1704 1581 1904 1638 autem
1949 1598 2083 1638 cum
2125 1577 2339 1654 recipit
2367 1595 2418 1635 15

325 1688 546 1747 aquam
592 1671 653 1728 et
695 1668 980 1727 harenam
1027 1669 1158 1727 calx
1210 1670 1355 1728 tunc
1400 1667 1709 1727 confirmat
1758 1669 2143 1744 structuram,
2193 1666 2341 1726 haec

325 1776 450 1819 esse
508 1774 687 1817 causa
731 1756 971 1817 videtur
1027 1755 1185 1833 quod
1237 1777 1269 1816 e
1312 1756 1622 1833 principiis
1662 1752 1672 1835 Ι
1711 1756 1807 1815 uti
1851 1756 2047 1815 cetera
2093 1773 2340 1831 corpora
2358 1762 2446 1815 (15)

320 1848 411 1905 ita
466 1849 526 1905 et
580 1864 722 1905 saxa
777 1848 916 1904 sunt
967 1845 1316 1923 temperata.
1408 1848 1469 1904 et
1523 1864 1674 1922 quae
1727 1845 1865 1922 plus
1919 1844 2141 1904 habent
2187 1844 2339 1904 aeris

323 1937 466 1996 sunt
507 1937 733 2012 tenera,
779 1952 931 2011 quae
978 1952 1168 2011 aquae
1203 1934 1369 1994 lenta
1404 1936 1543 1994 sunt
1580 1934 1653 1994 ab
1690 1952 1913 2010 umore,
1959 1953 2110 2011 quae
2145 1936 2340 1994 terrae

325 2023 502 2099 dura,
559 2041 712 2100 quae
767 2023 924 2101 ignis
968 2024 1294 2102 fragiliora.
1384 2023 1589 2101 itaque
1637 2043 1707 2082 ex
1750 2022 1843 2083 his
1890 2041 2033 2082 saxa
2076 2024 2128 2082 si
2174 2025 2337 2083 ante·
2367 2041 2423 2081 20

324 2131 504 2189 quam
553 2115 914 2188 coquantur,
968 2115 1216 2173 contusa
1268 2112 1496 2172 minute
1541 2112 1729 2171 mixta
1771 2112 2028 2172 harenae
2072 2112 2137 2170 in
2182 2115 2337 2170 stru-

324 2205 554 2260 cturam
599 2199 943 2276 coiciantur,
989 2219 1108 2260 non
1143 2200 1504 2260 solidescunt
1538 2219 1646 2260 nec
1683 2219 1815 2260 eam
1850 2203 2131 2277 poterunt
2160 2192 2169 2282 Ι
2202 2218 2337 2260 con·
2357 2209 2445 2261 (2⁰)

321 2291 528 2350 tinere.
621 2308 755 2348 cum
807 2308 948 2349 vero
1005 2289 1270 2349 coniecta
1321 2291 1387 2347 in
1439 2289 1740 2348 fornacem
1791 2289 1948 2366 ignis
2006 2289 2339 2348 vehementi

321 2379 552 2437 fervore
615 2380 887 2454 correpta
950 2379 1256 2437 amiserint
1315 2379 1604 2455 pristinae
1662 2377 1983 2437 soliditatis
2036 2378 2339 2454 virtutem,

321 2469 463 2525 tunc
519 2467 739 2525 exustis
795 2468 975 2542 atque
1028 2467 1326 2526 exhaustis
1382 2485 1585 2525 eorum
1636 2466 1861 2525 viribus
1922 2466 2340 2542 relinquuntur
2367 2483 2420 2524 25

322 2553 663 2631 patentibus
717 2553 1106 2614 foraminibus
1160 2558 1221 2614 et
1272 2555 1565 2614 inanibus,
1656 2573 1795 2632 ergo
1849 2554 2049 2630 liquor
2095 2556 2198 2631 qui
2250 2558 2342 2614 est

321 2644 386 2702 in
449 2643 574 2703 eius
637 2643 856 2720 lapidis
921 2662 1162 2720 corpore
1225 2646 1287 2702 et
1350 2662 1452 2702 aer
1504 2663 1639 2703 cum
1693 2645 1931 2702 exustus
1986 2647 2047 2702 et
2101 2647 2337 2720 ereptus

319 2732 529 2808 fuerit,
573 2723 981 2814 habuerithue
1024 2733 1089 2791 in
1133 2751 1195 2791 se
1238 2731 1540 2791 residuum
1583 2732 1840 2792 calorem
1883 2731 2197 2808 latentem,
2251 2734 2339 2791 in-
2356 2738 2445 2791 (25)

322 2821 544 2880 tinctus
598 2821 663 2879 in
718 2838 903 2897 aqua,
955 2821 1302 2897 priusquam
1356 2840 1427 2880 ea
1469 2821 1625 2898 ignis
1670 2821 1795 2880 vim
1846 2820 2084 2897 recipit,
2137 2839 2341 2882 umore

468 2977 496 3025 1
543 2970 940 3042 pinguitudine
990 2970 1128 3041 (eius
1177 2989 1248 3026 sc.
1296 2971 1479 3041 operis
1524 2970 1749 3027 tectorii
1785 2971 1927 3027 Fav.
1956 2988 2019 3040 p.
2057 2975 2190 3040 295,
2220 2974 2339 3042 12):

321 3041 710 3112 pinguitudini
737 3042 807 3096 H
813 3043 863 3096 G
909 3044 993 3110 (ut
1027 3042 1207 3097 Amm.
1248 3044 1326 3097 ed.
1367 3043 1512 3098 Fav.
1543 3043 1639 3113 S),
1674 3041 2010 3112 pinguedini
2035 3043 2081 3098 S
2112 3046 2192 3112 (ut
2225 3045 2341 3111 ipse

326 3114 469 3196 Eam:
491 3130 552 3184 p.
579 3115 711 3180 295,
729 3115 837 3194 13).
865 3115 884 3182 ΙΙ
912 3117 944 3164 3
981 3111 1198 3167 inutilis
1234 3112 1457 3196 signino
1491 3116 1579 3184 (ex
1606 3113 1747 3196 Fac:
1777 3116 1847 3196 cf:
1872 3131 1927 3183 p.
1957 3115 2083 3180 211,
2103 3117 2219 3183 10):
2256 3112 2340 3166 uti

325 3185 722 3324 {affixa
735 3183 1078 3325 ’,11Ξὲῖὲοὲἓέ
1105 3184 1659 3311 ῗιῖιᾱῗὲῖῖὲὶὲξὲῗ
1689 3183 2341 3322 .<²?uss{{z13²„⁹5{¹32⁶⁴fl<53

326 3341 448 3378 -nes
481 3325 548 3380 G.
594 3327 614 3395 ΙΙ
659 3330 690 3378 5
727 3325 1004 3380 habeatur
1105 3326 1180 3381 G:
1219 3325 1296 3380 sit
1322 3327 1377 3382 S.
1424 3328 1443 3396 ΙΙ
1490 3331 1557 3380 10
1591 3325 1922 3380 infundatur
1956 3343 2011 3381 x.
2056 3327 2077 3395 ΙΙ
2123 3331 2186 3378 11
2227 3325 2337 3379 duo

327 3391 535 3474 harene
590 3412 704 3449 una
738 3413 793 3450 ω.
847 3398 866 3465 ΙΙ
922 3401 986 3450 12
1035 3395 1305 3452 coiciatur
1340 3415 1396 3452 x.
1452 3399 1471 3466 ss
1526 3402 1594 3450 20
1639 3396 1781 3449 dura
1820 3397 1945 3452 GS:
1998 3395 2169 3450 durae
2205 3395 2283 3450 H.
2320 3393 2341 3468 ΙΙ

328 3467 395 3514 21
433 3467 831 3528 instructuram
860 3467 936 3522 G:
973 3466 1035 3520 in
1069 3465 1471 3523 instructuram
1500 3467 1620 3523 HS.
1652 3469 1670 3536 ss
1698 3472 1765 3520 22
1802 3469 2004 3537 potue?
2038 3473 2165 3522 ante
2200 3483 2336 3522 corr.

328 3531 382 3586 S.
420 3533 439 3599 11
476 3537 543 3585 29
581 3550 649 3587 ea
683 3534 856 3602 ignis:
894 3553 960 3591 ex
995 3536 1116 3607 igni
1149 3555 1204 3592 ω.
