2664 3927
850 200 945 255 DE
983 199 1544 255 ARCHITECTURA
1578 201 1710 256 ΜΒ.
1748 201 1789 269 Ι,
1830 207 1860 255 5
2278 182 2409 265 21·Ι

347 349 654 409 machinae
693 351 938 410 celerius
977 352 1286 428 dissipant,
1325 352 1483 427 quod
1520 352 1773 429 angulos
1811 351 2026 410 arietes
2062 352 2366 412 tundendo

347 440 649 516 frangunt,
693 440 756 497 in
801 440 1318 500 rotundationibus
1365 444 1567 500 autem
1606 440 1697 499 uti
1734 458 1949 499 cuneos
1988 441 2065 499 ad
2100 444 2369 510 centrum

243 541 329 591 (15)
347 528 641 605 adigendo
703 529 939 587 laedere
1002 547 1121 587 non
1183 533 1448 605 possunt.
1558 530 1703 587 item
1764 529 2123 589 munitiones
2164 523 2173 607 Ι
2211 529 2368 588 muri

349 618 719 693 turriumque
784 616 1100 695 aggeribus
1165 618 1514 677 coniunctae
1577 618 1833 677 maxime
1898 622 2039 677 sunt
2096 618 2368 693 tutioreS‚

293 726 320 767 5
349 706 507 782 quod
568 726 760 782 neque
826 707 1040 765 arietes
1105 726 1294 782 neque
1360 708 1736 766 suffossiones
1800 726 1993 783 neque
2056 707 2367 766 machinae

345 798 576 854 ceterae
633 795 715 853 eis
762 795 968 854 valent
1021 814 1246 854 nocere.
1340 796 1442 854 sed
1491 814 1611 854 non
1656 796 1719 854 in
1766 796 2037 856 omnibus
2082 794 2227 855 locis
2274 799 2365 854 est
2402 810 2433 857 6

349 884 582 961 aggeris
637 884 794 941 ratio
849 884 1122 942 facienda
1175 884 1292 943 nisi
1346 884 1561 960 quibus
1616 888 1782 943 extra
1835 905 2073 943 murum
2126 886 2368 943 exalto

346 974 477 1033 loco
532 973 712 1048 plano
766 972 915 1048 pede
971 991 1238 1032 accessus
1291 973 1473 1031 fuerit
1528 974 1604 1032 ad
1655 974 1891 1034 moenia
1947 973 2367 1050 oppugnanda.

241 1074 328 1126 (20)
346 1063 554 1138 itaque
617 1062 681 1118 in
745 1052 1048 1143 eiuslmodi
1107 1061 1253 1121 locis
1307 1064 1568 1137 primum
1618 1063 1811 1122 fossae
1868 1067 2007 1123 sunt
2059 1062 2366 1121 faciendae

267 1172 321 1212 ιο
349 1150 767 1209 latitudinibus
833 1154 892 1209 et
955 1150 1373 1209 altitudinibus
1441 1169 1619 1226 quam
1684 1151 2091 1227 amplissimis,
2155 1150 2367 1209 deinde

347 1238 800 1297 fundamentum
844 1238 1003 1297 muri
1048 1239 1499 1315 deprimendum
1545 1242 1633 1298 est
1678 1240 1838 1298 intra
1884 1240 2119 1299 alveum
2172 1241 2367 1299 fossae

349 1331 413 1386 et
472 1328 534 1385 id
589 1328 976 1386 extruendum
1031 1331 1123 1387 est
1177 1346 1248 1386 ea
1303 1327 1694 1387 crassitudine
1748 1330 1818 1386 ut
1872 1346 2017 1403 opus
2070 1332 2371 1387 terrenum

249 1419 256 1428 ’
348 1416 524 1475 facile
561 1416 938 1475 sustineatur.
1012 1418 1158 1475 item
1193 1417 1476 1476 interiore
1521 1420 1692 1492 parte
1740 1415 2191 1477 substructionis
2234 1418 2364 1475 fun·
2406 1432 2437 1483 7

233 1517 328 1569 (25)
349 1504 691 1565 damentum
727 1506 956 1565 distans
1005 1506 1078 1564 ab
1119 1496 1423 1588 extelriore
1468 1506 1759 1564 introrsus
1805 1494 2023 1581 amplo&
2042 1505 2249 1580 spatio
2278 1506 2370 1564 ita

267 1615 320 1657 15
348 1593 442 1653 uti
487 1594 757 1654 cohortes
812 1594 1045 1671 possint
1093 1594 1589 1670 quemadmodum
1642 1594 1705 1651 in
1752 1594 1877 1653 acie
1922 1594 2248 1653 instructae
2296 1594 2373 1653 ad

347 1683 554 1742 defend
562 1683 780 1741 endum
834 1702 1014 1759 supra
1066 1683 1448 1741 latitudinem
1503 1683 1739 1760 aggeris
1801 1683 2137 1742 consistere.
2240 1702 2377 1741 cum

347 1775 548 1829 autem
592 1772 983 1830 fundamenta
1028 1772 1117 1829 ita
1154 1771 1443 1830 distantia
1478 1773 1635 1830 inter
1672 1790 1732 1830 se
1768 1772 1994 1830 fuerint
2029 1772 2373 1848 constituta,
2418 1811 2424 1819 ·

347 1862 491 1918 tunc
536 1860 694 1919 inter
735 1879 806 1918 ea
851 1860 975 1918 alia
1019 1863 1387 1935 transversa,
1431 1861 1745 1919 coniuncta
1791 1860 2069 1920 exteriori
2114 1864 2176 1919 et
2218 1861 2369 1919 inte-

241 1961 328 2014 (30)
347 1948 492 2007 riori
553 1948 941 2008 fundamento
959 1994 975 2023 ,
1046 1948 1397 2026 pectinatim
1463 1940 1769 2031 dissposita
1785 1996 1800 2026 ‚
1874 1949 2376 2026 quemadmodum

267 2059 320 2100 20
349 2055 544 2096 serrae
591 2037 796 2096 dentes
843 2039 1038 2098 solent
1083 2057 1208 2098 esse
1255 2039 1650 2098 conlocentur.
1743 2058 1878 2098 cum
1924 2039 2082 2097 enim
2128 2039 2211 2098 sic
2258 2040 2373 2098 erit

240 2137 318 2192 23
346 2127 600 2202 factum,
655 2127 801 2186 tunc
852 2128 942 2186 ita
989 2128 1181 2187 oneris
1237 2127 1461 2186 terreni
1503 2128 1851 2204 magnitudo
1894 2122 1901 2206 Ι
1944 2127 2263 2186 distributa
2305 2128 2373 2186 in

345 2234 563 2292 parvas
600 2217 802 2291 partes
839 2235 1032 2291 neque
1068 2216 1346 2276 universa
1380 2216 1638 2292 pondere
1674 2235 1948 2292 premens
1985 2216 2209 2292 poterit
2244 2217 2373 2274 ulla

344 2304 575 2364 ratione
641 2305 950 2363 extrudere
1011 2304 1168 2363 muri
1231 2304 1715 2363 substructiones.
1824 2306 1895 2363 de
1960 2305 2091 2380 ipso
2162 2306 2366 2363 autem
2406 2318 2440 2366 8

344 2413 516 2452 muro
565 2413 596 2452 e
645 2411 764 2468 qua
809 2394 1060 2460 materia
1098 2396 1370 2452 struatur
1407 2397 1516 2452 aut
1549 2393 1906 2470 perficiatur,
1950 2393 2083 2452 ideo
2121 2413 2241 2452 non
2278 2397 2370 2453 est

203 2495 330 2548 (5)25
345 2482 815 2557 praefiniendum
854 2482 1015 2557 quod
1050 2481 1114 2541 in
1151 2483 1423 2541 omnibus
1457 2482 1604 2542 locis
1642 2500 1793 2558 quas
1830 2485 2103 2558 optamus
2133 2474 2372 2564 coffpiaS‚

347 2588 446 2629 eas
499 2590 619 2630 non
673 2589 992 2648 possumus
1045 2571 1280 2630 habere.
1373 2571 1475 2630 sed
1528 2570 1633 2629 ubi
1685 2574 1824 2630 sunt
1878 2589 2022 2630 saxa
2079 2572 2373 2647 quadrata

347 2658 469 2718 sive
517 2660 664 2718 silex
711 2680 817 2719 seu
854 2663 1228 2719 caementum
1266 2664 1373 2719 aut
1408 2663 1608 2721 coctus
1645 2660 1799 2719 later
1836 2660 1959 2720 sive
1999 2660 2228 2736 crudus,
2275 2659 2371 2718 his

349 2747 462 2806 erit
506 2750 806 2807 utendum.
888 2768 1008 2808 non
1046 2749 1203 2807 enim
1247 2748 1341 2807 uti
1383 2747 1691 2825 Babylone
1730 2749 2101 2807 abundantes
2136 2748 2369 2824 liquido

344 2835 636 2919 bitumine
672 2856 781 2913 pro
821 2838 980 2897 calce
1019 2840 1081 2896 et
1114 2838 1339 2896 harena
1377 2857 1447 2896 ex
1484 2840 1649 2897 cocto
1676 2838 1865 2896 latere
1891 2839 2120 2896 factum
2146 2837 2374 2896 habent
2426 2859 2445 2882 ·

489 2994 520 3040 2
559 3004 760 3042 cuneos
803 2989 927 3044 GS:
976 3005 1182 3043 cuneus
1223 2989 1298 3043 Η.
1348 2992 1367 3060 ΙΙ
1412 2995 1444 3043 3
1482 2988 1896 3060 munition<is>
1942 2992 2005 3043 in
2048 3006 2157 3044 ras,
2198 2989 2243 3044 S
2283 2991 2371 3059 (ecc

345 3057 486 3128 -ib>).
525 3061 544 3128 ΙΙ
581 3065 612 3114 8
649 3059 842 3113 munia
877 3079 932 3116 .‘1·.
981 3067 998 3124 ΙΙ
1048 3066 1112 3113 12
1152 3063 1240 3114 est
1276 3063 1385 3129 (ea)
1425 3060 1560 3116 HS:
1601 3078 1701 3114 om.
1744 3061 1811 3116 G.
1857 3063 1875 3130 ΙΙ
1922 3066 1990 3113 20
2030 3060 2271 3114 solentes
2312 3076 2374 3114 se

350 3129 420 3196 G,
458 3129 736 3184 solventes
776 3145 835 3184 se
872 3131 1129 3202 Hsffic).
1159 3133 1273 3201 1122
1309 3131 1557 3200 pondere
1600 3131 1732 3186 HS:
1781 3148 1869 3185 -ra
1909 3133 1975 3187 G.
2005 3135 2119 3201 [129
2156 3131 2374 3184 harena

346 3199 546 3257 H⁶SGr
581 3206 665 3271 (ut
692 3219 750 3271 p.
790 3205 985 3270 14,15.
1007 3207 1080 3257 19
1115 3202 1200 3270 oe)=
1240 3217 1412 3256 arena
1450 3202 1529 3270 Η,
1565 3205 1661 3272 qui
1698 3209 1825 3258 ante
1859 3219 1995 3258 corr.
2034 3203 2113 3256 sic
2147 3203 2369 3270 saepius

346 3274 568 3341 scripsit
605 3275 751 3339 (item
790 3273 890 3342 G),
937 3274 1081 3328 sicut
1118 3288 1351 3327 arenoso
1390 3273 1459 3326 H
1466 3272 1519 3328 G'-
1554 3277 1647 3341 38,
1665 3280 1714 3328 1.
1774 3272 2042 3328 arenariis
2082 3274 2129 3327 G
2169 3276 2257 3340 40,
2278 3276 2369 3328 18.

344 3342 525 3432 &rena
573 3379 648 3434 Ge
697 3382 789 3446 40,
816 3384 871 3434 1.
943 3345 1208 3434 ἓτθῃαιὶε.
1253 3379 1339 3432 Hc
1382 3383 1473 3447 40,
1501 3384 1549 3434 9.
1599 3383 1689 3447 43,
1715 3383 1804 3434 25.
1876 3363 2046 3452 'arene
2100 3379 2171 3432 Ge
2207 3384 2295 3446 41,
2321 3383 2372 3434 1.

345 3450 478 3539 iii-en
548 3485 632 3539 Hc
668 3488 756 3553 41,
775 3489 827 3539 3.
898 3452 1135 3540 grenosa
1161 3486 1248 3540 Hc
1275 3489 1365 3554 43,
1384 3489 1454 3540 21
1484 3491 1577 3541 etc.
1617 3485 1849 3555 (harena
1877 3493 1971 3542 etc.
2004 3502 2209 3556 semper
2236 3486 2317 3554 S).
2351 3484 2365 3556 1

345 3571 412 3609 ΒΧ
424 3578 436 3612 ἓ
555 3574 610 3612 x.
