2664 3927
299 208 385 276 86
919 208 925 240 ’·
1148 209 1477 266 VITRUVII

295 361 552 421 'subiecti
617 359 982 438 scalpantur,
1067 363 1236 421 flores
1301 365 1364 420 in
1430 365 1713 438 quattuor
1774 361 2042 436 partibus
2106 362 2333 436 quanta

299 453 414 509 ⁴erit
461 451 634 509 abaci.
675 451 1004 511 crassitudo
1051 454 1177 510 tam
1217 447 1226 528 Ι
1265 453 1468 528 magni
1502 451 1847 509 formentur.
1919 451 2008 508 ita
2042 450 2142 508 his
2174 463 2329 524 sym-
2351 442 2465 509 (25)

299 541 528 598 metriis
575 541 868 599 corinthia
915 541 1178 616 capitula
1223 557 1360 599 suas
1405 540 1707 598 habebunt
1754 539 2104 597 exactiones
2163 556 2165 561 ·

435 628 588 687 Sunt
636 631 835 689 autem
883 647 1034 705 quae
1079 629 1266 688 isdem
1312 629 1599 687 columnis
1636 629 2005 704 inponuntur
2040 625 2329 702 capitulo·-
2430 643 2439 677 ὲ

201 763 204 768 .
297 735 430 775 rum
484 732 702 794 genera
756 719 936 776 variis
992 717 1293 776 vocabulis
1349 719 1680 790 nominata,
1737 731 1990 792 quorum
2044 733 2153 775 nec
2196 733 2331 791 pro·
2389 725 2435 775 ⁵*-

297 807 582 881 prietates
625 802 634 883 Ι
675 808 1150 882 symmetriarum
1194 822 1300 865 nec
1348 806 1751 865 columnarum
1797 823 1981 882 genus
2017 805 2179 864 >aliud
2228 803 2329 863 no·
2362 804 2439 859 88

298 896 524 953 minare
570 910 904 970 possumu8‚
925 891 930 894 ’
955 895 1060 954 sed-
1103 897 1369 971 ipsorum
1412 895 1701 954 vocabula
1746 894 2022 953 traducta
2070 897 2129 952 et
2176 911 2330 952 com-

296 985 533 1041 mutata
581 983 648 1042 ex'
695 984 1003 1044 corinthiis
1043 987 1103 1044 et
1137 984 1467 1060 pulvinatis
1505 987 1565 1043 et
1601 985 1817 1042 doricis
1852 983 2147 1056 videmuS,
2186 999 2331 1058 quo-

299 1091 430 1129 rum
477 1075 853 1147 symmetriae
882 1075 1040 1148 sunt
1084 1075 1150 1130 in
1192 1088 1481 1132 novarum
1527 1073 1961 1148 scalpturarum
2001 1072 2331 1130 translatae
2384 1078 2392 1091 “’

299 1161 711 1220 subtilitatem.
2358 1181 2413 1219 10

226 1249 276 1302 II
440 1241 450 1331 Ι
492 1249 782 1318 Quoniam
827 1253 1026 1310 autem
1073 1252 1145 1310 de
1183 1250 1493 1328 generibus
1533 1251 1937 1309 columnarum
1975 1251 2233 1327 origines
2272 1251 2335 1308 et
2359 1261 2421 1312 (5)

200 1385 204 1389 .
297 1340 667 1398 inventiones
715 1359 894 1416 supra
941 1343 1080 1398 sunt
1126 1342 1399 1416 scriptae,
1444 1357 1563 1398 non
1610 1339 1868 1398 alienum
1912 1339 2060 1398 mihi
2096 1338 2335 1398 videtur

296 1427 484 1486 isdem
529 1428 858 1487 rationibus
906 1429 978 1487 de
1016 1430 1379 1487 ornamentis
1420 1447 1621 1486 eorum
1658 1427 2154 1503 quemadmodum
2190 1429 2331 1486 sunt

296 1515 591 1593 prognata
639 1520 698 1575 et
745 1517 958 1592 quibus
1004 1518 1314 1593 principiis
1364 1519 1423 1576 et
1470 1516 1793 1594 originibus
1840 1519 2083 1576 inventa
2118 1516 2329 1575 dicere.

296 1607 359 1662 in
407 1605 688 1664 aedificiis
736 1606 1006 1664 omnibus
1061 1607 1303 1682 insuper
1360 1606 1701 1665 conlocatur
1752 1607 2091 1664 materiatio
2147 1606 2331 1664 variis
2361 1625 2413 1665 15

302 1685 310 1773 Ι
350 1693 654 1752 vocabulis
700 1695 1023 1753 nominata.
1107 1715 1176 1753 ea
1214 1697 1413 1754 autem
1450 1697 1540 1753 uti
1576 1697 1639 1753 in
1676 1694 2197 1768 nominationibus,
2241 1695 2333 1752 ita
2350 1704 2439 1758 (1⁰)

298 1784 362 1840 in
407 1801 470 1840 re
517 1785 712 1840 varias
757 1783 939 1842 habet
975 1785 1289 1843 utilitates.
1380 1785 1584 1844 trabes
1618 1785 1775 1844 enim
1810 1803 1990 1860 supra
2028 1784 2329 1842 columnas

297 1873 358 1928 et
394 1873 788 1946 parastaticas
819 1876 880 1931 et
917 1875 1088 1932 antas
1124 1875 1445 1949 ponuntur,
1482 1875 1544 1931 in
1582 1873 2124 1950 contignationibus
2162 1873 2334 1949 tigna

297 1961 358 2019 et
405 1979 556 2018 axes
650 1960 758 2019 sub
803 1963 994 2039 tectiS,
1043 1963 1093 2021 si
1138 1963 1365 2021 maiora
1412 1963 1607 2038 spatia
1652 1963 1810 2035 sunt,
1858 1965 1918 2020 et
1962 1965 2227 2021 transtra
2273 1965 2335 2020 et
2438 1992 2444 2007 2

297 2049 584 2125 capreoli,
647 2052 699 2107 si
755 2050 1087 2125 commoda,
1147 2053 1414 2111 columen
1472 2054 1547 2110 et'
1586 2052 1877 2110 cantherii
1929 2052 2335 2127 prominentes
2360 2068 2414 2112 20

299 2138 375 2195 ad
415 2134 422 2216 Ι
466 2141 786 2197 extremam
834 2140 1419 2217 suggrundationem.
1494 2158 1672 2217 supra
1719 2141 2051 2199 cantherios
2087 2141 2331 2215 templa,
2351 2150 2438 2204 (15)

299 2227 508 2285 deinde
571 2228 812 2303 insuper
877 2229 984 2287 sub
1018 2269 1021 2276 ,
1051 2230 1284 2307 tegulas
1352 2248 1573 2289 asseres
1632 2232 1721 2288 ita
1779 2231 2180 2305 prominentes
2240 2230 2338 2287 uti<

227 2327 258 2372 2
298 2318 568 2391 parietes
603 2318 954 2391 proiecturis
1005 2336 1206 2377 eorum
1260 2321 1558 2395 tegantur.
1648 2321 1736 2377 ita
1790 2336 2179 2394 unaquaeque
2237 2333 2331 2376 res

299 2408 359 2463 et
403 2405 598 2463 locum
646 2408 704 2465 et
752 2424 934 2483 genus
983 2401 1043 2465 et
1089 2408 1355 2466 ordinem
1399 2410 1705 2484 proprium
1745 2410 1964 2467 tuetur.
2039 2426 2069 2465 e
2118 2406 2330 2483 quibus

296 2493 470 2552 rebus
529 2498 590 2553 et
645 2515 679 2553 a
733 2494 1123 2555 materiatura
1176 2496 1379 2555 fabrili
1432 2498 1495 2555 in
1560 2496 1811 2572 lapideis
1870 2498 1929 2555 et
1983 2497 2328 2555 marmoreis
2360 2515 2410 2555 25

299 2581 533 2641 aedium
594 2602 893 2643 sacrarum
952 2580 960 2662 Ι
1021 2582 1526 2644 aedificationibus
1592 2586 1845 2644 artifices
1911 2585 2328 2661 dispositiones
2350 2596 2439 2647 (20)

298 2690 503 2730 eorum
549 2673 866 2749 scalpturis
905 2677 1043 2733 sunt
1079 2676 1303 2733 imitati
1340 2678 1401 2733 et
1438 2692 1535 2733 eas
1572 2676 1943 2733 inventiones
1978 2689 2335 2750 persequen-

301 2760 406 2820 das
451 2764 831 2837 putaverunt.
922 2764 1055 2822 ideo
1104 2762 1262 2839 quod
1309 2766 1543 2839 antiqui
1588 2764 1743 2821 fabri
1790 2764 2046 2839 quodam
2090 2764 2155 2820 in
2200 2763 2330 2821 loco

301 2850 694 2923 aedificanteS,
733 2872 869 2910 cum
905 2854 993 2911 ita
1033 2854 1104 2912 ab
1142 2853 1521 2912 interioribus
1558 2852 1887 2929 parietibus
1926 2852 2000 2910 ad
2040 2854 2342 2911 extremas-

295 2942 496 3013 partes
542 2942 712 3017 tigna
756 2943 1154 3017 prominentia
1197 2942 1543 3001 habuissent
1589 2942 1915 3015 conlocata,
1959 2942 2117 2999 inter
2161 2942 2331 3017 tigna
2360 2960 2412 2999 so

297 3030 644 3087 struxerunt
689 3048 985 3106 supraque
1031 3050 1276 3091 coronas
1318 3030 1326 3107 Ι
1370 3033 1430 3089 et
1474 3031 1717 3107 fastigia
1763 3030 2100 3089 venustiore
2138 3030 2331 3105 specie
2351 3041 2439 3090 (25)

439 3290 473 3337 4
508 3285 730 3340 hisdem
767 3304 820 3342 ω.
851 3290 868 3356 ΙΙ
909 3294 973 3341 13
1011 3287 1230 3342 hisdem
1265 3306 1306 3343 x
1344 3288 1607 3357 (hiisdem
1646 3288 1755 3356 G0).
1794 3290 1814 3356 ΙΙ
1864 3292 1929 3341 17
1968 3305 2053 3341 re:
2092 3303 2180 3341 res
2217 3304 2272 3341 x.
2310 3286 2331 3361 ΙΙ

301 3357 371 3431 18.
402 3356 780 3422 parastaticas
819 3358 887 3411 H
893 3360 972 3414 G:
1009 3358 1322 3428 parasticas
1360 3359 1416 3414 S.
1444 3362 1463 3429 ΙΙ
1492 3364 1557 3412 19
1598 3358 1867 3413 &ranstra
1896 3364 1952 3413 ὅ.
1982 3362 2001 3429 ΙΙ
2030 3363 2097 3412 20
2138 3374 2327 3429 capre-

299 3421 376 3499 911
416 3425 496 3503 (J,-
527 3428 772 3497 capreoli
801 3430 885 3483 Sc:
925 3433 1183 3499 caprae(e
1219 3428 1397 3501 S)olis
1428 3430 1553 3484 HS.
1582 3432 1601 3500 ΙΙ
1630 3436 1696 3483 23
1734 3428 2069 3499 protecturis
2104 3447 2145 3483 x
2183 3430 2349 3497 (pro-¹

302 3493 528 3545 iecturis
569 3496 680 3575 βᾶ).
707 3500 727 3565 ΙΙ
755 3504 824 3551 26
864 3498 1260 3568 dispositiones
1291 3501 1445 3556 HG:
1486 3500 1896 3571 disputationes
1926 3502 1970 3557 S
2002 3502 2150 3570 (item
2178 3503 2272 3568 89,
2296 3505 2328 3553 1

305 3560 364 3611 et
399 3570 524 3615 ante
559 3578 660 3631 aps.
698 3582 834 3622 corr.
867 3573 958 3635 89,
987 3573 1059 3637 4).
