2664 3927
233 341 303 389 10

237 1318 302 1366 11

237 2472 304 2519 12

343 173 428 237 72
1185 173 1517 229 VITRUVII

474 323 735 384 Aedibus
790 323 1142 400 araeostylis
1197 325 1506 383 columnae
1560 325 1644 384 sic
1702 327 1842 384 sunt
1901 323 2208 383 faciendae
2268 323 2362 382 uti

345 405 803 494 'crassitudines
858 432 1062 472 earum
1125 412 1246 472 sint
1306 413 1495 488 partis
1556 417 1801 473 octavae
1856 413 1932 471 ad
1997 413 2361 472 altitudines.
2380 422 2473 473 (10)

337 501 486 560 item
521 503 585 560 in
622 502 880 578 diastylo
918 501 1280 560 dimetienda
1315 505 1405 561 est
1442 502 1697 561 altitudo
1736 502 2041 561 columnae
2068 502 2133 560 in
2158 504 2361 578 partes

341 594 473 650 octo
521 595 582 650 et
625 591 934 649 dimidiam
979 594 1041 650 et
1074 591 1249 650 unius
1285 591 1475 666 partis
1514 592 1821 650 columnae
1858 591 2186 650 crassitudo
2224 609 2360 650 con-

339 681 582 739 locetur.
673 679 736 737 in
781 679 1010 755 systylo
1057 679 1311 738 altitudo
1358 679 1661 739 dividatur
1704 680 1768 738 in
1821 698 2033 738 novem
2086 682 2146 738 et
2188 679 2362 737 dimi·
2390 697 2418 738 5

339 769 502 834 diam
562 771 797 844 partem
860 771 921 826 et
975 786 1044 826 ex
1098 769 1182 827 eis
1236 787 1357 826 una
1412 768 1489 826 ad
1543 769 1993 828 crassitudinem
2052 769 2361 828 columnae

340 858 529 917 detur.
612 857 758 915 item
801 856 865 914 in
905 851 914 935 Ι
953 857 1306 933 pycnostylo
1355 857 1673 916 dividenda
1718 860 1809 916 est
1853 857 2107 916 altitudo
2151 857 2217 916 in
2261 857 2360 916 de·
2381 865 2475 918 (15)

341 965 468 1005 cem
522 949 584 1004 et
636 945 762 1004 eius
814 964 938 1004 una
991 964 1130 1021 pars
1182 946 1457 1004 facienda
1510 949 1601 1005 est
1654 946 1962 1004 columnae
2013 945 2361 1006 crassitudo.

341 1034 561 1110 eustyli
597 1037 798 1093 autem
835 1034 996 1094 aedis
1033 1036 1363 1110 columnae,
1406 1035 1497 1092 uti
1532 1034 1767 1110 systyli,
1811 1035 1875 1092 in
1910 1054 2123 1094 novem
2158 1037 2361 1110 partes

341 1123 598 1182 altitudo
653 1123 954 1182 dividatur
1007 1126 1070 1183 et
1121 1123 1432 1182 dimidiam
1483 1126 1717 1200 partem
1772 1126 1834 1182 et
1888 1123 2011 1183 eius
2056 1142 2177 1182 una
2219 1141 2361 1199 pars
2392 1143 2448 1181 10

341 1212 739 1272 constituatur
782 1213 846 1271 in
892 1212 1279 1272 crassitudine
1322 1213 1433 1270 imi
1484 1212 1665 1288 scapi.
1756 1212 1844 1270 ita
1893 1211 2208 1271 habebitur
2250 1230 2361 1288 pro

340 1304 476 1360 rata
519 1303 692 1378 parte
733 1293 1341 1383 intercolumniolrum
1392 1301 1565 1359 ratic.
1657 1301 2151 1376 quemadmodum
2204 1301 2363 1359 enim
2384 1309 2473 1362 (2⁰)

340 1394 609 1450 crescunt
653 1392 849 1466 spatia
893 1391 1050 1449 inter
1094 1391 1417 1464 columnas,
1460 1389 1940 1466 proportionibus
1978 1389 2363 1467 adaugendae

340 1483 478 1539 sunt
511 1480 958 1539 crassitudines
1024 1497 1353 1554 scaporum.
1464 1497 1720 1554 namque
1784 1479 1836 1538 si
1897 1479 1962 1537 in
2026 1478 2363 1554 araeostylo

339 1587 498 1627 nona
551 1571 656 1627 aut
711 1568 940 1627 decima
981 1586 1120 1642 pars
1169 1567 1547 1626 crassitudini
1590 1567 1800 1642 fuerit,
1846 1567 2040 1626 tenuis
2088 1570 2149 1626 et
2194 1567 2363 1626 exilis
2394 1585 2447 1626 15

339 1657 670 1734 apparebit,
714 1657 847 1716 ideo
887 1656 1045 1731 quod
1079 1675 1188 1730 per
1222 1655 1604 1714 latitudinem
1637 1656 2224 1715 intercolumniorum
2260 1674 2365 1715 aer

339 1745 634 1806 consumit
697 1748 757 1804 et
817 1745 1098 1802 inminuit
1161 1746 1404 1820 aspectu
1452 1738 1461 1821 Ι
1511 1762 1823 1820 scaporum
1894 1745 2362 1804 crassitudinem.
2382 1752 2473 1806 (25)

341 1837 548 1893 contra
583 1852 724 1892 vero
760 1833 1145 1909 pycnostyIiS,
1181 1833 1233 1892 si
1269 1835 1483 1891 octava
1523 1828 1532 1912 Ι
1571 1851 1710 1908 pars
1747 1833 2125 1892 crassitudini
2160 1833 2363 1908 fuerit,
2394 1839 2470 1895 74

339 1925 583 2000 propter
611 1922 986 1982 crebritatem
1013 1925 1074 1982 et
1109 1921 1417 1999 angustias
1453 1921 2038 1981 intercolumniorum
2068 1922 2362 1982 tumidam

342 2015 404 2071 et
438 2013 814 2071 invenustam
851 2012 1067 2071 efficiet
1103 2012 1373 2088 speciem.
1446 2012 1652 2087 itaque
1689 2012 1920 2089 generis
1957 2012 2151 2088 operis
2190 2030 2362 2087 opor-
2391 2030 2447 2069 so

341 2104 430 2159 tet
483 2102 756 2176 persequi
817 2100 1210 2175 symmetrias.
1309 2100 1609 2175 etiamque
1674 2102 1987 2178 angulares
2052 2101 2363 2161 columnae

342 2190 654 2249 crassiores
690 2190 995 2248 faciendae
1023 2192 1161 2249 sunt
1197 2207 1267 2248 ex
1304 2207 1413 2248 sua
1452 2182 1461 2266 Ι
1502 2189 1792 2248 diametro
1830 2190 2365 2267 quinquagensimo.
2383 2198 2447 2249 (⁵)

341 2281 532 2354 parte,
578 2277 734 2353 quod
781 2296 885 2336 eae
931 2278 1005 2336 ab
1052 2297 1187 2336 aere
1242 2277 1740 2336 circumciduntur
1786 2281 1847 2337 et
1889 2279 2229 2355 graciliores
2274 2279 2363 2337 vi·-

342 2367 558 2426 dentur
602 2385 727 2426 esse
772 2366 1210 2441 aspicientibus.
1301 2385 1441 2443 ergo
1490 2366 1647 2441 quod
1693 2368 1895 2426 oculus
1939 2368 2127 2443 fallit,
2180 2368 2362 2426 ratio-

343 2456 639 2514 cinatione
677 2458 767 2515 est
803 2454 1264 2530 exaequandum.
1338 2457 1747 2514 contracturae
1784 2459 1984 2515 autem
2019 2457 2083 2514 in
2119 2456 2363 2515 summis
2393 2474 2449 2515 25

343 2546 750 2603 columnarum
801 2543 1263 2621 hypotracheliis
1315 2544 1407 2602 ita
1469 2544 1776 2602 faciendae
1828 2545 2106 2604 videntur
2157 2546 2248 2603 uti
2310 2546 2364 2605 si

343 2633 617 2692 columna
654 2633 734 2692 sit
771 2632 844 2691 ab
881 2633 1126 2691 minimo
1165 2632 1240 2691 ad
1274 2632 1455 2708 pedes
1494 2633 1705 2707 quinos
1742 2624 1959 2715 delnos,
1993 2633 2117 2691 ima
2153 2634 2359 2693 crassi·
2382 2642 2478 2696 (1⁰)

487 2808 516 2855 1
549 2802 817 2873 areosty(i
847 2801 994 2872 ffllis
1015 2802 1099 2856 ΗΟ
1109 2800 1153 2857 S
1161 2801 1237 2857 G:
1268 2801 1614 2870 aureostylos
1642 2803 1716 2870 (a.
1736 2803 1804 2871 c.)
1824 2802 1902 2857 H.
1931 2804 1950 2872 ΙΙ
1978 2808 2009 2855 2
2040 2800 2360 2855 altitudinis

345 2876 415 2943 (a.
445 2874 512 2943 c.)
541 2873 617 2928 H.
673 2875 692 2943 ΙΙ
744 2878 778 2926 4
817 2872 1114 2926 dimidium
1149 2873 1239 2941 (H
1245 2873 1308 2937 G,
1358 2877 1419 2925 -fi
1447 2872 1516 2941 S)
1551 2890 1606 2928 ω.
1664 2874 1682 2941 ΙΙ
1736 2878 1769 2926 6
1822 2872 1903 2927 eis
1935 2875 1992 2927 H
2003 2874 2078 2928 G=
2124 2871 2213 2927 his
2251 2872 2305 2927 S.
2342 2872 2366 2945 ΙΙ

343 2942 1725 3085 zusssafflssssstss..13·÷2.zsz12⁸„··
1749 2949 1816 3068 1⁹.
1836 2942 2361 3071 assam

342 3086 454 3141 -nis
483 3086 608 3142 HS.
661 3086 669 3157 Ι
721 3084 923 3140 simare
970 3057 1152 3154 ostylo
1197 3056 1318 3157 (sic.)
1354 3085 1433 3140 H.
1487 3088 1507 3155 ΙΙ
1564 3057 1629 3139 1Ῑ5
1668 3085 2055 3141 crassitudini:
2103 3084 2215 3140 -nis
2248 3103 2307 3140 ω.
2342 3058 2365 3159 Ι]

345 3180 411 3228 17
451 3175 980 3245 aspectuscaporum
1025 3166 1573 3244 (aspectuficaporum
1600 3174 1703 3243 Hc,
1748 3176 2007 3243 aspectus
2054 3179 2260 3245 caporfi
2291 3175 2365 3242 G,

345 3262 407 3299 as
448 3248 868 3356 9⁰3³¹²³ff³⁸⁴P⁰ffi
888 3244 956 3313 S)
973 3262 1047 3367 oel
1057 3246 1092 3326 fl·
1107 3250 1171 3299 18
1198 3243 2129 3387 Pigngglffissfffffigissofffihufnau'
2162 3245 2365 3371 mig

343 3317 408 3442 ἐξ
427 3390 447 3457 11
475 3318 776 3441 weissen}
797 3316 866 3458 (Ιῑῖ
869 3315 1042 3461 {102}
1075 3332 1389 3458 lz'zcsffrgv:
1428 3359 1536 3441 hae
1567 3389 1637 3456 G,
1671 3388 1743 3442 he
1806 3360 1860 3443 S.
1888 3336 2003 3457 {1125
2031 3334 2366 3470 gxgguandu

349 3458 426 3513 G:
457 3458 901 3585 ἐιᾲὲᾳΐξοῑιὲιιω
939 3458 1040 3525 Hc,
1085 3460 1411 3527 exequendfi
1448 3459 1504 3515 S.
1568 3461 1587 3528 ΙΙ
1650 3464 1717 3512 26
1802 3458 2180 3528 ypotrachehs
2217 3459 2286 3513 H
2292 3459 2365 3528 G,

341 3544 455 3597 ypo
511 3543 577 3581 ac
619 3543 649 3581 e
674 3545 722 3581 ιε
792 3573 803 3583 .
