<?xml version="1.0" encoding="UTF-8"?>
<!DOCTYPE html PUBLIC "-//W3C//DTD XHTML 1.0 Transitional//EN"
    "http://www.w3.org/TR/xhtml1/DTD/xhtml1-transitional.dtd">
<html xmlns="http://www.w3.org/1999/xhtml" xml:lang="en" lang="en">
 <head>
  <title>
</title>
<meta http-equiv="Content-Type" content="text/html;charset=utf-8" />
  <meta name='ocr-system' content='tesseract 3.04.00' />
  <meta name='ocr-capabilities' content='ocr_page ocr_carea ocr_par ocr_line ocrx_word'/>
</head>
<body>
  <div class='ocr_page' id='page_1' title='image "./vitruviidearchi00pollgoog_0081.png"; bbox 0 0 2664 3927; ppageno 0'>
   <div class='ocr_carea' id='block_1_1' title="bbox 746 156 2313 228">
    <p class='ocr_par' dir='ltr' id='par_1_1' title="bbox 746 156 2313 228">
     <span class='ocr_line' id='line_1_1' title="bbox 746 156 2313 228; baseline 0 -16"><span class='ocrx_word' id='word_1_1' title='bbox 746 157 842 212; x_wconf 81' lang='lat' dir='ltr'><strong>DE</strong></span> <span class='ocrx_word' id='word_1_2' title='bbox 879 156 1437 212; x_wconf 75' lang='lat' dir='ltr'><strong>ARCHITECTURA</strong></span> <span class='ocrx_word' id='word_1_3' title='bbox 1471 158 1603 213; x_wconf 78' lang='lat' dir='ltr'><strong>Lm.</strong></span> <span class='ocrx_word' id='word_1_4' title='bbox 1642 158 1709 228; x_wconf 90' lang='lat'><strong>11,</strong></span> <span class='ocrx_word' id='word_1_5' title='bbox 1750 164 1795 213; x_wconf 72' lang='grc' dir='ltr'><strong>τ.</strong></span> <span class='ocrx_word' id='word_1_6' title='bbox 1836 163 1868 212; x_wconf 85' lang='lat' dir='ltr'><strong>s</strong></span> <span class='ocrx_word' id='word_1_7' title='bbox 2225 160 2313 224; x_wconf 86' lang='lat'><strong>45</strong></span> 
     </span>
    </p>
   </div>
   <div class='ocr_carea' id='block_1_2' title="bbox 191 307 2471 2954">
    <p class='ocr_par' dir='ltr' id='par_1_2' title="bbox 191 307 2471 2954">
     <span class='ocr_line' id='line_1_2' title="bbox 305 307 2312 385; baseline 0 -18"><span class='ocrx_word' id='word_1_8' title='bbox 305 308 406 367; x_wconf 90' lang='lat' dir='ltr'><strong>sed</strong></span> <span class='ocrx_word' id='word_1_9' title='bbox 433 310 573 367; x_wconf 89' lang='lat' dir='ltr'><strong>sunt</strong></span> <span class='ocrx_word' id='word_1_10' title='bbox 597 307 800 366; x_wconf 87' lang='lat' dir='ltr'><strong>firmae</strong></span> <span class='ocrx_word' id='word_1_11' title='bbox 829 310 890 367; x_wconf 91' lang='lat' dir='ltr'><strong>et</strong></span> <span class='ocrx_word' id='word_1_12' title='bbox 927 307 1004 365; x_wconf 87' lang='lat' dir='ltr'><strong>ad</strong></span> <span class='ocrx_word' id='word_1_13' title='bbox 1030 310 1391 367; x_wconf 84' lang='lat' dir='ltr'><strong>vetustatem</strong></span> <span class='ocrx_word' id='word_1_14' title='bbox 1416 308 1549 368; x_wconf 90' lang='lat' dir='ltr'><strong>ideo</strong></span> <span class='ocrx_word' id='word_1_15' title='bbox 1584 311 1996 385; x_wconf 78' lang='lat' dir='ltr'><strong>permanentes</strong></span> <span class='ocrx_word' id='word_1_16' title='bbox 2025 308 2183 385; x_wconf 91' lang='lat' dir='ltr'><strong>quod</strong></span> <span class='ocrx_word' id='word_1_17' title='bbox 2208 327 2312 385; x_wconf 87' lang='lat' dir='ltr'><strong>pa-</strong></span> 
     </span>
     <span class='ocr_line' id='line_1_3' title="bbox 191 389 2315 478; baseline -0.001 -19"><span class='ocrx_word' id='word_1_18' title='bbox 191 406 282 459; x_wconf 71' lang='lat'><strong>(80)</strong></span> <span class='ocrx_word' id='word_1_19' title='bbox 302 417 437 454; x_wconf 91' lang='lat' dir='ltr'><strong>rum</strong></span> <span class='ocrx_word' id='word_1_20' title='bbox 463 395 684 455; x_wconf 84' lang='lat' dir='ltr'><strong>habent</strong></span> <span class='ocrx_word' id='word_1_21' title='bbox 711 415 742 455; x_wconf 93' lang='lat' dir='ltr'><strong>e</strong></span> <span class='ocrx_word' id='word_1_22' title='bbox 774 389 782 478; x_wconf 92' lang='grc'><strong>1</strong></span> <span class='ocrx_word' id='word_1_23' title='bbox 813 398 1064 455; x_wconf 84' lang='lat' dir='ltr'><strong>naturae</strong></span> <span class='ocrx_word' id='word_1_24' title='bbox 1090 397 1376 456; x_wconf 77' lang='lat' dir='ltr'><strong>mixtione</strong></span> <span class='ocrx_word' id='word_1_25' title='bbox 1404 397 1555 456; x_wconf 90' lang='lat' dir='ltr'><strong>aeris</strong></span> <span class='ocrx_word' id='word_1_26' title='bbox 1580 399 1641 455; x_wconf 93' lang='lat' dir='ltr'><strong>et</strong></span> <span class='ocrx_word' id='word_1_27' title='bbox 1665 397 1840 474; x_wconf 90' lang='lat' dir='ltr'><strong>ignis,</strong></span> <span class='ocrx_word' id='word_1_28' title='bbox 1865 398 2085 456; x_wconf 90' lang='lat' dir='ltr'><strong>umoris</strong></span> <span class='ocrx_word' id='word_1_29' title='bbox 2114 401 2315 457; x_wconf 88' lang='lat' dir='ltr'><strong>autem</strong></span> 
     </span>
     <span class='ocr_line' id='line_1_4' title="bbox 302 484 2315 562; baseline 0 -18"><span class='ocrx_word' id='word_1_30' title='bbox 302 487 630 561; x_wconf 88' lang='lat' dir='ltr'><strong>temperate</strong></span> <span class='ocrx_word' id='word_1_31' title='bbox 664 484 1106 561; x_wconf 90' lang='lat' dir='ltr'><strong>plurimumque</strong></span> <span class='ocrx_word' id='word_1_32' title='bbox 1132 486 1369 544; x_wconf 86' lang='lat' dir='ltr'><strong>terreni.</strong></span> <span class='ocrx_word' id='word_1_33' title='bbox 1430 487 1519 544; x_wconf 88' lang='lat' dir='ltr'><strong>ita</strong></span> <span class='ocrx_word' id='word_1_34' title='bbox 1546 486 1749 562; x_wconf 89' lang='lat' dir='ltr'><strong>spissis</strong></span> <span class='ocrx_word' id='word_1_35' title='bbox 1778 486 2315 562; x_wconf 89' lang='lat' dir='ltr'><strong>comparationibus</strong></span> 
     </span>
     <span class='ocr_line' id='line_1_5' title="bbox 302 572 2315 652; baseline 0.001 -20"><span class='ocrx_word' id='word_1_36' title='bbox 302 573 592 633; x_wconf 77' lang='lat' dir='ltr'><strong>solidatae</strong></span> <span class='ocrx_word' id='word_1_37' title='bbox 655 593 845 649; x_wconf 89' lang='lat' dir='ltr'><strong>neque</strong></span> <span class='ocrx_word' id='word_1_38' title='bbox 908 572 984 632; x_wconf 89' lang='lat' dir='ltr'><strong>ab</strong></span> <span class='ocrx_word' id='word_1_39' title='bbox 1047 573 1501 650; x_wconf 80' lang='lat' dir='ltr'><strong>tempestatibus</strong></span> <span class='ocrx_word' id='word_1_40' title='bbox 1558 592 1750 650; x_wconf 89' lang='lat' dir='ltr'><strong>neque</strong></span> <span class='ocrx_word' id='word_1_41' title='bbox 1804 574 1878 633; x_wconf 91' lang='lat' dir='ltr'><strong>ab</strong></span> <span class='ocrx_word' id='word_1_42' title='bbox 1932 574 2087 652; x_wconf 88' lang='lat' dir='ltr'><strong>ignis</strong></span> <span class='ocrx_word' id='word_1_43' title='bbox 2141 575 2315 634; x_wconf 85' lang='lat' dir='ltr'><strong>vehe-</strong></span> 
     </span>
     <span class='ocr_line' id='line_1_6' title="bbox 250 660 2386 727; baseline 0.002 -7"><span class='ocrx_word' id='word_1_44' title='bbox 250 679 286 720; x_wconf 65' lang='lat' dir='ltr'><strong>s</strong></span> <span class='ocrx_word' id='word_1_45' title='bbox 303 663 526 721; x_wconf 89' lang='lat' dir='ltr'><strong>mentia</strong></span> <span class='ocrx_word' id='word_1_46' title='bbox 571 664 872 722; x_wconf 85' lang='lat' dir='ltr'><strong>nocentur.</strong></span> <span class='ocrx_word' id='word_1_47' title='bbox 961 660 1023 719; x_wconf 91' lang='lat' dir='ltr'><strong>id</strong></span> <span class='ocrx_word' id='word_1_48' title='bbox 1070 664 1271 721; x_wconf 89' lang='lat' dir='ltr'><strong>autem</strong></span> <span class='ocrx_word' id='word_1_49' title='bbox 1315 664 1571 722; x_wconf 85' lang='lat' dir='ltr'><strong>maxime</strong></span> <span class='ocrx_word' id='word_1_50' title='bbox 1614 662 1880 722; x_wconf 90' lang='lat' dir='ltr'><strong>iudicare</strong></span> <span class='ocrx_word' id='word_1_51' title='bbox 1929 663 2070 722; x_wconf 90' lang='lat' dir='ltr'><strong>licet</strong></span> <span class='ocrx_word' id='word_1_52' title='bbox 2116 682 2147 722; x_wconf 93' lang='lat' dir='ltr'><strong>e</strong></span> <span class='ocrx_word' id='word_1_53' title='bbox 2192 683 2315 722; x_wconf 89' lang='lat' dir='ltr'><strong>mo·</strong></span> <span class='ocrx_word' id='word_1_54' title='bbox 2351 679 2386 727; x_wconf 84' lang='lat'>4</span> 
     </span>
     <span class='ocr_line' id='line_1_7' title="bbox 301 750 2316 828; baseline 0.001 -20"><span class='ocrx_word' id='word_1_55' title='bbox 301 751 598 809; x_wconf 90' lang='lat' dir='ltr'><strong>numentis</strong></span> <span class='ocrx_word' id='word_1_56' title='bbox 646 769 799 827; x_wconf 89' lang='lat' dir='ltr'><strong>quae</strong></span> <span class='ocrx_word' id='word_1_57' title='bbox 845 752 989 808; x_wconf 90' lang='lat' dir='ltr'><strong>sunt</strong></span> <span class='ocrx_word' id='word_1_58' title='bbox 1032 750 1186 809; x_wconf 87' lang='lat' dir='ltr'><strong>circa</strong></span> <span class='ocrx_word' id='word_1_59' title='bbox 1221 751 1612 828; x_wconf 88' lang='lat' dir='ltr'><strong>municipium</strong></span> <span class='ocrx_word' id='word_1_60' title='bbox 1646 752 1885 810; x_wconf 82' lang='lat' dir='ltr'><strong>Ferenti</strong></span> <span class='ocrx_word' id='word_1_61' title='bbox 1922 771 1992 809; x_wconf 90' lang='lat' dir='ltr'><strong>ex</strong></span> <span class='ocrx_word' id='word_1_62' title='bbox 2026 752 2119 811; x_wconf 89' lang='lat' dir='ltr'><strong>his</strong></span> <span class='ocrx_word' id='word_1_63' title='bbox 2154 752 2316 810; x_wconf 86' lang='lat' dir='ltr'><strong>facta</strong></span> 
     </span>
     <span class='ocr_line' id='line_1_8' title="bbox 196 833 2315 916; baseline -0.001 -16"><span class='ocrx_word' id='word_1_64' title='bbox 196 844 280 900; x_wconf 77' lang='lat'><strong>46</strong></span> <span class='ocrx_word' id='word_1_65' title='bbox 307 839 663 915; x_wconf 84' lang='lat' dir='ltr'><strong>lapidicinis.</strong></span> <span class='ocrx_word' id='word_1_66' title='bbox 769 857 1025 914; x_wconf 88' lang='lat' dir='ltr'><strong>namque</strong></span> <span class='ocrx_word' id='word_1_67' title='bbox 1075 833 1084 916; x_wconf 95' lang='grc'><strong>1</strong></span> <span class='ocrx_word' id='word_1_68' title='bbox 1132 839 1353 899; x_wconf 85' lang='lat' dir='ltr'><strong>habent</strong></span> <span class='ocrx_word' id='word_1_69' title='bbox 1416 842 1476 898; x_wconf 88' lang='lat' dir='ltr'><strong>et</strong></span> <span class='ocrx_word' id='word_1_70' title='bbox 1538 842 1770 899; x_wconf 87' lang='lat' dir='ltr'><strong>statuas</strong></span> <span class='ocrx_word' id='word_1_71' title='bbox 1835 841 2064 916; x_wconf 85' lang='lat' dir='ltr'><strong>amplas</strong></span> <span class='ocrx_word' id='word_1_72' title='bbox 2125 841 2315 901; x_wconf 88' lang='lat' dir='ltr'><strong>factas</strong></span> 
     </span>
     <span class='ocr_line' id='line_1_9' title="bbox 303 926 2317 1007; baseline 0 -21"><span class='ocrx_word' id='word_1_73' title='bbox 303 927 537 1005; x_wconf 84' lang='lat' dir='ltr'><strong>egregie</strong></span> <span class='ocrx_word' id='word_1_74' title='bbox 593 930 654 986; x_wconf 90' lang='lat' dir='ltr'><strong>et</strong></span> <span class='ocrx_word' id='word_1_75' title='bbox 706 927 937 986; x_wconf 89' lang='lat' dir='ltr'><strong>minora</strong></span> <span class='ocrx_word' id='word_1_76' title='bbox 991 926 1191 1005; x_wconf 86' lang='lat' dir='ltr'><strong>sigilla</strong></span> <span class='ocrx_word' id='word_1_77' title='bbox 1246 927 1535 1005; x_wconf 86' lang='lat' dir='ltr'><strong>floresque</strong></span> <span class='ocrx_word' id='word_1_78' title='bbox 1581 931 1642 987; x_wconf 91' lang='lat' dir='ltr'><strong>et</strong></span> <span class='ocrx_word' id='word_1_79' title='bbox 1686 929 1969 990; x_wconf 83' lang='lat' dir='ltr'><strong>acanthos</strong></span> <span class='ocrx_word' id='word_1_80' title='bbox 2016 929 2317 1007; x_wconf 85' lang='lat' dir='ltr'><strong>eleganter</strong></span> 
     </span>
     <span class='ocr_line' id='line_1_10' title="bbox 306 1015 2316 1093; baseline -0 -17"><span class='ocrx_word' id='word_1_81' title='bbox 306 1016 583 1092; x_wconf 90' lang='lat' dir='ltr'><strong>scalptos.</strong></span> <span class='ocrx_word' id='word_1_82' title='bbox 667 1034 817 1091; x_wconf 85' lang='lat' dir='ltr'><strong>quae</strong></span> <span class='ocrx_word' id='word_1_83' title='bbox 863 1034 997 1074; x_wconf 87' lang='lat' dir='ltr'><strong>cum</strong></span> <span class='ocrx_word' id='word_1_84' title='bbox 1031 1016 1152 1075; x_wconf 87' lang='lat' dir='ltr'><strong>sint</strong></span> <span class='ocrx_word' id='word_1_85' title='bbox 1187 1018 1441 1091; x_wconf 85' lang='lat' dir='ltr'><strong>vetusta,</strong></span> <span class='ocrx_word' id='word_1_86' title='bbox 1486 1015 1571 1076; x_wconf 91' lang='lat' dir='ltr'><strong>sic</strong></span> <span class='ocrx_word' id='word_1_87' title='bbox 1608 1021 1898 1093; x_wconf 90' lang='lat' dir='ltr'><strong>apparent</strong></span> <span class='ocrx_word' id='word_1_88' title='bbox 1930 1018 2191 1078; x_wconf 89' lang='lat' dir='ltr'><strong>recentia</strong></span> <span class='ocrx_word' id='word_1_89' title='bbox 2226 1018 2316 1076; x_wconf 89' lang='lat' dir='ltr'><strong>uti</strong></span> 
     </span>
     <span class='ocr_line' id='line_1_11' title="bbox 224 1104 2319 1166; baseline 0 -2"><span class='ocrx_word' id='word_1_90' title='bbox 224 1124 280 1164; x_wconf 90' lang='lat'><strong>10</strong></span> <span class='ocrx_word' id='word_1_91' title='bbox 307 1105 359 1164; x_wconf 91' lang='lat' dir='ltr'><strong>si</strong></span> <span class='ocrx_word' id='word_1_92' title='bbox 405 1104 528 1164; x_wconf 90' lang='lat' dir='ltr'><strong>sint</strong></span> <span class='ocrx_word' id='word_1_93' title='bbox 569 1104 743 1163; x_wconf 90' lang='lat' dir='ltr'><strong>modo</strong></span> <span class='ocrx_word' id='word_1_94' title='bbox 787 1104 966 1163; x_wconf 86' lang='lat' dir='ltr'><strong>facta.</strong></span> <span class='ocrx_word' id='word_1_95' title='bbox 1035 1123 1156 1164; x_wconf 93' lang='lat' dir='ltr'><strong>non</strong></span> <span class='ocrx_word' id='word_1_96' title='bbox 1199 1104 1394 1164; x_wconf 89' lang='lat' dir='ltr'><strong>minus</strong></span> <span class='ocrx_word' id='word_1_97' title='bbox 1440 1105 1623 1164; x_wconf 87' lang='lat' dir='ltr'><strong>etiam</strong></span> <span class='ocrx_word' id='word_1_98' title='bbox 1666 1104 1822 1163; x_wconf 84' lang='lat' dir='ltr'><strong>fabri</strong></span> <span class='ocrx_word' id='word_1_99' title='bbox 1866 1107 2081 1164; x_wconf 90' lang='lat' dir='ltr'><strong>aerarii</strong></span> <span class='ocrx_word' id='word_1_100' title='bbox 2118 1107 2191 1165; x_wconf 89' lang='lat' dir='ltr'><strong>de</strong></span> <span class='ocrx_word' id='word_1_101' title='bbox 2226 1106 2319 1166; x_wconf 89' lang='lat' dir='ltr'><strong>his</strong></span> 
     </span>
     <span class='ocr_line' id='line_1_12' title="bbox 223 1191 2321 1269; baseline -0.001 -15"><span class='ocrx_word' id='word_1_102' title='bbox 223 1202 286 1254; x_wconf 78' lang='lat'><strong>(5)</strong></span> <span class='ocrx_word' id='word_1_103' title='bbox 306 1191 642 1268; x_wconf 86' lang='lat' dir='ltr'><strong>lapidicinis</strong></span> <span class='ocrx_word' id='word_1_104' title='bbox 696 1191 761 1251; x_wconf 89' lang='lat' dir='ltr'><strong>in</strong></span> <span class='ocrx_word' id='word_1_105' title='bbox 815 1192 968 1252; x_wconf 84' lang='lat' dir='ltr'><strong>aeris</strong></span> <span class='ocrx_word' id='word_1_106' title='bbox 1023 1193 1240 1251; x_wconf 85' lang='lat' dir='ltr'><strong>flatura</strong></span> <span class='ocrx_word' id='word_1_107' title='bbox 1279 1192 1289 1267; x_wconf 97' lang='grc'><strong>1</strong></span> <span class='ocrx_word' id='word_1_108' title='bbox 1328 1192 1535 1253; x_wconf 83' lang='lat' dir='ltr'><strong>formis</strong></span> <span class='ocrx_word' id='word_1_109' title='bbox 1580 1195 1937 1269; x_wconf 86' lang='lat' dir='ltr'><strong>comparatis</strong></span> <span class='ocrx_word' id='word_1_110' title='bbox 1984 1194 2207 1254; x_wconf 87' lang='lat' dir='ltr'><strong>habent</strong></span> <span class='ocrx_word' id='word_1_111' title='bbox 2251 1214 2321 1254; x_wconf 90' lang='lat' dir='ltr'><strong>ex</strong></span> 
     </span>
     <span class='ocr_line' id='line_1_13' title="bbox 304 1279 2320 1360; baseline 0 -20"><span class='ocrx_word' id='word_1_112' title='bbox 304 1281 356 1340; x_wconf 89' lang='lat' dir='ltr'><strong>is</strong></span> <span class='ocrx_word' id='word_1_113' title='bbox 414 1279 491 1339; x_wconf 91' lang='lat' dir='ltr'><strong>ad</strong></span> <span class='ocrx_word' id='word_1_114' title='bbox 545 1298 644 1341; x_wconf 89' lang='lat' dir='ltr'><strong>aes</strong></span> <span class='ocrx_word' id='word_1_115' title='bbox 702 1279 1068 1341; x_wconf 89' lang='lat' dir='ltr'><strong>fundendum</strong></span> <span class='ocrx_word' id='word_1_116' title='bbox 1110 1282 1399 1341; x_wconf 85' lang='lat' dir='ltr'><strong>maximas</strong></span> <span class='ocrx_word' id='word_1_117' title='bbox 1444 1281 1755 1340; x_wconf 78' lang='lat' dir='ltr'><strong>utilitates,</strong></span> <span class='ocrx_word' id='word_1_118' title='bbox 1846 1300 1997 1357; x_wconf 90' lang='lat' dir='ltr'><strong>quae</strong></span> <span class='ocrx_word' id='word_1_119' title='bbox 2043 1283 2095 1342; x_wconf 91' lang='lat' dir='ltr'><strong>si</strong></span> <span class='ocrx_word' id='word_1_120' title='bbox 2137 1302 2320 1360; x_wconf 90' lang='lat' dir='ltr'><strong>prope</strong></span> 
     </span>
     <span class='ocr_line' id='line_1_14' title="bbox 306 1368 2323 1448; baseline 0.001 -21"><span class='ocrx_word' id='word_1_121' title='bbox 306 1368 512 1428; x_wconf 88' lang='lat' dir='ltr'><strong>urbem</strong></span> <span class='ocrx_word' id='word_1_122' title='bbox 549 1371 761 1445; x_wconf 88' lang='lat' dir='ltr'><strong>essent,</strong></span> <span class='ocrx_word' id='word_1_123' title='bbox 806 1369 1052 1448; x_wconf 86' lang='lat' dir='ltr'><strong>dignum</strong></span> <span class='ocrx_word' id='word_1_124' title='bbox 1089 1372 1244 1429; x_wconf 89' lang='lat' dir='ltr'><strong>esset</strong></span> <span class='ocrx_word' id='word_1_125' title='bbox 1277 1372 1348 1428; x_wconf 89' lang='lat' dir='ltr'><strong>ut</strong></span> <span class='ocrx_word' id='word_1_126' title='bbox 1382 1389 1455 1428; x_wconf 86' lang='lat' dir='ltr'><strong>ex</strong></span> <span class='ocrx_word' id='word_1_127' title='bbox 1487 1369 1580 1429; x_wconf 89' lang='lat' dir='ltr'><strong>his</strong></span> <span class='ocrx_word' id='word_1_128' title='bbox 1620 1369 1869 1430; x_wconf 89' lang='lat' dir='ltr'><strong>officinis</strong></span> <span class='ocrx_word' id='word_1_129' title='bbox 1907 1371 2107 1429; x_wconf 92' lang='lat' dir='ltr'><strong>omnia</strong></span> <span class='ocrx_word' id='word_1_130' title='bbox 2142 1389 2323 1447; x_wconf 84' lang='lat' dir='ltr'><strong>opera</strong></span> 
     </span>
     <span class='ocr_line' id='line_1_15' title="bbox 304 1457 2392 1537; baseline 0.003 -21"><span class='ocrx_word' id='word_1_131' title='bbox 304 1457 738 1533; x_wconf 82' lang='lat' dir='ltr'><strong>perficerentur.</strong></span> <span class='ocrx_word' id='word_1_132' title='bbox 811 1477 946 1518; x_wconf 89' lang='lat' dir='ltr'><strong>cum</strong></span> <span class='ocrx_word' id='word_1_133' title='bbox 990 1477 1130 1537; x_wconf 89' lang='lat' dir='ltr'><strong>ergo</strong></span> <span class='ocrx_word' id='word_1_134' title='bbox 1174 1461 1420 1536; x_wconf 87' lang='lat' dir='ltr'><strong>propter</strong></span> <span class='ocrx_word' id='word_1_135' title='bbox 1452 1458 1963 1535; x_wconf 86' lang='lat' dir='ltr'><strong>propinquitatem</strong></span> <span class='ocrx_word' id='word_1_136' title='bbox 2006 1459 2324 1519; x_wconf 85' lang='lat' dir='ltr'><strong>necessitas</strong></span> <span class='ocrx_word' id='word_1_137' title='bbox 2360 1474 2392 1522; x_wconf 86' lang='lat'>5</span> 
     </span>
     <span class='ocr_line' id='line_1_16' title="bbox 227 1546 2327 1624; baseline 0.001 -20"><span class='ocrx_word' id='word_1_138' title='bbox 227 1563 280 1604; x_wconf 85' lang='lat'><strong>15</strong></span> <span class='ocrx_word' id='word_1_139' title='bbox 308 1550 485 1624; x_wconf 85' lang='lat' dir='ltr'><strong>cogat</strong></span> <span class='ocrx_word' id='word_1_140' title='bbox 537 1566 609 1606; x_wconf 89' lang='lat' dir='ltr'><strong>ex</strong></span> <span class='ocrx_word' id='word_1_141' title='bbox 660 1547 876 1607; x_wconf 85' lang='lat' dir='ltr'><strong>Rubris</strong></span> <span class='ocrx_word' id='word_1_142' title='bbox 931 1546 1268 1623; x_wconf 86' lang='lat' dir='ltr'><strong>lapidicinis</strong></span> <span class='ocrx_word' id='word_1_143' title='bbox 1324 1549 1386 1606; x_wconf 90' lang='lat' dir='ltr'><strong>et</strong></span> <span class='ocrx_word' id='word_1_144' title='bbox 1438 1546 1811 1607; x_wconf 89' lang='lat' dir='ltr'><strong>Pallensibus</strong></span> <span class='ocrx_word' id='word_1_145' title='bbox 1866 1550 1928 1607; x_wconf 90' lang='lat' dir='ltr'><strong>et</strong></span> <span class='ocrx_word' id='word_1_146' title='bbox 1982 1566 2133 1623; x_wconf 85' lang='lat' dir='ltr'><strong>quae</strong></span> <span class='ocrx_word' id='word_1_147' title='bbox 2188 1550 2327 1606; x_wconf 91' lang='lat' dir='ltr'><strong>sunt</strong></span> 
     </span>
     <span class='ocr_line' id='line_1_17' title="bbox 203 1627 2324 1718; baseline 0 -24"><span class='ocrx_word' id='word_1_148' title='bbox 203 1643 291 1696; x_wconf 87' lang='lat'><strong>(1⁰)</strong></span> <span class='ocrx_word' id='word_1_149' title='bbox 309 1635 443 1694; x_wconf 87' lang='lat' dir='ltr'><strong>urbi</strong></span> <span class='ocrx_word' id='word_1_150' title='bbox 495 1636 799 1713; x_wconf 85' lang='lat' dir='ltr'><strong>proximae</strong></span> <span class='ocrx_word' id='word_1_151' title='bbox 845 1636 1030 1712; x_wconf 91' lang='lat' dir='ltr'><strong>copiis</strong></span> <span class='ocrx_word' id='word_1_152' title='bbox 1075 1637 1164 1694; x_wconf 89' lang='lat' dir='ltr'><strong>uti</strong></span> <span class='ocrx_word' id='word_1_153' title='bbox 1177 1681 1192 1711; x_wconf 93' lang='lat'><strong>,</strong></span> <span class='ocrx_word' id='word_1_154' title='bbox 1247 1636 1297 1695; x_wconf 90' lang='lat' dir='ltr'><strong>si</strong></span> <span class='ocrx_word' id='word_1_155' title='bbox 1350 1635 1452 1712; x_wconf 90' lang='lat' dir='ltr'><strong>qui</strong></span> <span class='ocrx_word' id='word_1_156' title='bbox 1498 1627 1773 1718; x_wconf 72' lang='lat' dir='ltr'><strong>volluerit</strong></span> <span class='ocrx_word' id='word_1_157' title='bbox 1816 1636 1942 1696; x_wconf 88' lang='lat' dir='ltr'><strong>sine</strong></span> <span class='ocrx_word' id='word_1_158' title='bbox 1986 1636 2150 1696; x_wconf 83' lang='lat' dir='ltr'><strong>vitiis</strong></span> <span class='ocrx_word' id='word_1_159' title='bbox 2194 1655 2324 1712; x_wconf 87' lang='lat' dir='ltr'><strong>per·</strong></span> 
     </span>
     <span class='ocr_line' id='line_1_18' title="bbox 305 1723 2326 1801; baseline 0.001 -19"><span class='ocrx_word' id='word_1_160' title='bbox 305 1723 504 1800; x_wconf 88' lang='lat' dir='ltr'><strong>ficere,</strong></span> <span class='ocrx_word' id='word_1_161' title='bbox 558 1725 646 1783; x_wconf 93' lang='lat' dir='ltr'><strong>ita</strong></span> <span class='ocrx_word' id='word_1_162' title='bbox 700 1725 816 1783; x_wconf 90' lang='lat' dir='ltr'><strong>erit</strong></span> <span class='ocrx_word' id='word_1_163' title='bbox 867 1724 1359 1801; x_wconf 88' lang='lat' dir='ltr'><strong>praeparandum.</strong></span> <span class='ocrx_word' id='word_1_164' title='bbox 1450 1743 1586 1784; x_wconf 91' lang='lat' dir='ltr'><strong>cum</strong></span> <span class='ocrx_word' id='word_1_165' title='bbox 1638 1724 2068 1785; x_wconf 87' lang='lat' dir='ltr'><strong>aedificandum</strong></span> <span class='ocrx_word' id='word_1_166' title='bbox 2126 1725 2326 1800; x_wconf 85' lang='lat' dir='ltr'><strong>fuerit,</strong></span> 
     </span>
     <span class='ocr_line' id='line_1_19' title="bbox 309 1811 2326 1888; baseline 0.001 -18"><span class='ocrx_word' id='word_1_167' title='bbox 309 1814 447 1870; x_wconf 85' lang='lat' dir='ltr'><strong>ante</strong></span> <span class='ocrx_word' id='word_1_168' title='bbox 492 1811 796 1872; x_wconf 87' lang='lat' dir='ltr'><strong>biennium</strong></span> <span class='ocrx_word' id='word_1_169' title='bbox 841 1830 912 1871; x_wconf 85' lang='lat' dir='ltr'><strong>ea</strong></span> <span class='ocrx_word' id='word_1_170' title='bbox 957 1831 1100 1872; x_wconf 86' lang='lat' dir='ltr'><strong>saxa</strong></span> <span class='ocrx_word' id='word_1_171' title='bbox 1142 1832 1265 1873; x_wconf 90' lang='lat' dir='ltr'><strong>non</strong></span> <span class='ocrx_word' id='word_1_172' title='bbox 1317 1813 1510 1872; x_wconf 89' lang='lat' dir='ltr'><strong>hieme</strong></span> <span class='ocrx_word' id='word_1_173' title='bbox 1555 1812 1659 1872; x_wconf 89' lang='lat' dir='ltr'><strong>sed</strong></span> <span class='ocrx_word' id='word_1_174' title='bbox 1704 1815 1931 1873; x_wconf 90' lang='lat' dir='ltr'><strong>aestate</strong></span> <span class='ocrx_word' id='word_1_175' title='bbox 1977 1813 2326 1888; x_wconf 82' lang='lat' dir='ltr'><strong>eximantur,</strong></span> 
     </span>
     <span class='ocr_line' id='line_1_20' title="bbox 309 1899 2325 1979; baseline 0.001 -22"><span class='ocrx_word' id='word_1_176' title='bbox 309 1902 370 1957; x_wconf 90' lang='lat' dir='ltr'><strong>et</strong></span> <span class='ocrx_word' id='word_1_177' title='bbox 422 1899 680 1959; x_wconf 87' lang='lat' dir='ltr'><strong>iacentia</strong></span> <span class='ocrx_word' id='word_1_178' title='bbox 731 1904 1118 1978; x_wconf 88' lang='lat' dir='ltr'><strong>permaneant</strong></span> <span class='ocrx_word' id='word_1_179' title='bbox 1171 1903 1235 1960; x_wconf 90' lang='lat' dir='ltr'><strong>in</strong></span> <span class='ocrx_word' id='word_1_180' title='bbox 1287 1902 1433 1961; x_wconf 91' lang='lat' dir='ltr'><strong>locis</strong></span> <span class='ocrx_word' id='word_1_181' title='bbox 1478 1901 1837 1979; x_wconf 90' lang='lat' dir='ltr'><strong>patentibus.</strong></span> <span class='ocrx_word' id='word_1_182' title='bbox 1929 1920 2080 1979; x_wconf 91' lang='lat' dir='ltr'><strong>quae</strong></span> <span class='ocrx_word' id='word_1_183' title='bbox 2126 1905 2325 1962; x_wconf 86' lang='lat' dir='ltr'><strong>autem</strong></span> 
     </span>
     <span class='ocr_line' id='line_1_21' title="bbox 229 1987 2325 2068; baseline 0.002 -21"><span class='ocrx_word' id='word_1_184' title='bbox 229 2007 284 2047; x_wconf 78' lang='lat'><strong>20</strong></span> <span class='ocrx_word' id='word_1_185' title='bbox 310 2006 379 2046; x_wconf 92' lang='lat' dir='ltr'><strong>eo</strong></span> <span class='ocrx_word' id='word_1_186' title='bbox 421 1987 658 2048; x_wconf 93' lang='lat' dir='ltr'><strong>biennio</strong></span> <span class='ocrx_word' id='word_1_187' title='bbox 705 2008 742 2048; x_wconf 93' lang='lat' dir='ltr'><strong>a</strong></span> <span class='ocrx_word' id='word_1_188' title='bbox 785 1990 1236 2066; x_wconf 87' lang='lat' dir='ltr'><strong>tempestatibus</strong></span> <span class='ocrx_word' id='word_1_189' title='bbox 1281 1994 1447 2051; x_wconf 91' lang='lat' dir='ltr'><strong>tacta</strong></span> <span class='ocrx_word' id='word_1_190' title='bbox 1499 1992 1663 2051; x_wconf 84' lang='lat' dir='ltr'><strong>laesa</strong></span> <span class='ocrx_word' id='word_1_191' title='bbox 1706 1991 1944 2068; x_wconf 91' lang='lat' dir='ltr'><strong>fuerint,</strong></span> <span class='ocrx_word' id='word_1_192' title='bbox 1990 2010 2061 2050; x_wconf 88' lang='lat' dir='ltr'><strong>ea</strong></span> <span class='ocrx_word' id='word_1_193' title='bbox 2096 1993 2160 2051; x_wconf 89' lang='lat' dir='ltr'><strong>in</strong></span> <span class='ocrx_word' id='word_1_194' title='bbox 2194 1993 2325 2051; x_wconf 78' lang='lat' dir='ltr'><strong>fun-</strong></span> 
     </span>
     <span class='ocr_line' id='line_1_22' title="bbox 309 2076 2326 2156; baseline 0.001 -21"><span class='ocrx_word' id='word_1_195' title='bbox 309 2076 591 2136; x_wconf 88' lang='lat' dir='ltr'><strong>damenta</strong></span> <span class='ocrx_word' id='word_1_196' title='bbox 646 2078 986 2137; x_wconf 89' lang='lat' dir='ltr'><strong>coiciantur.</strong></span> <span class='ocrx_word' id='word_1_197' title='bbox 1092 2082 1288 2139; x_wconf 87' lang='lat' dir='ltr'><strong>cetera</strong></span> <span class='ocrx_word' id='word_1_198' title='bbox 1353 2099 1504 2156; x_wconf 84' lang='lat' dir='ltr'><strong>quae</strong></span> <span class='ocrx_word' id='word_1_199' title='bbox 1558 2100 1678 2140; x_wconf 91' lang='lat' dir='ltr'><strong>non</strong></span> <span class='ocrx_word' id='word_1_200' title='bbox 1732 2083 1905 2139; x_wconf 90' lang='lat' dir='ltr'><strong>erunt</strong></span> <span class='ocrx_word' id='word_1_201' title='bbox 1957 2080 2198 2155; x_wconf 83' lang='lat' dir='ltr'><strong>vitiata,</strong></span> <span class='ocrx_word' id='word_1_202' title='bbox 2251 2080 2326 2139; x_wconf 91' lang='lat' dir='ltr'><strong>ab</strong></span> 
     </span>
     <span class='ocr_line' id='line_1_23' title="bbox 202 2157 2328 2247; baseline 0 -20"><span class='ocrx_word' id='word_1_203' title='bbox 202 2157 326 2247; x_wconf 85' lang='grc'><strong>(15)1</strong></span> <span class='ocrx_word' id='word_1_204' title='bbox 359 2168 575 2224; x_wconf 88' lang='lat' dir='ltr'><strong>natura</strong></span> <span class='ocrx_word' id='word_1_205' title='bbox 641 2185 838 2225; x_wconf 87' lang='lat' dir='ltr'><strong>rerum</strong></span> <span class='ocrx_word' id='word_1_206' title='bbox 907 2167 1159 2243; x_wconf 87' lang='lat' dir='ltr'><strong>probata</strong></span> <span class='ocrx_word' id='word_1_207' title='bbox 1231 2169 1444 2227; x_wconf 86' lang='lat' dir='ltr'><strong>durare</strong></span> <span class='ocrx_word' id='word_1_208' title='bbox 1510 2171 1791 2244; x_wconf 90' lang='lat' dir='ltr'><strong>poterunt</strong></span> <span class='ocrx_word' id='word_1_209' title='bbox 1857 2188 2038 2245; x_wconf 90' lang='lat' dir='ltr'><strong>supra</strong></span> <span class='ocrx_word' id='word_1_210' title='bbox 2106 2172 2328 2228; x_wconf 88' lang='lat' dir='ltr'><strong>terram</strong></span> 
     </span>
     <span class='ocr_line' id='line_1_24' title="bbox 313 2253 2328 2333; baseline 0.001 -20"><span class='ocrx_word' id='word_1_211' title='bbox 313 2253 644 2313; x_wconf 88' lang='lat' dir='ltr'><strong>aedificata.</strong></span> <span class='ocrx_word' id='word_1_212' title='bbox 734 2273 840 2315; x_wconf 91' lang='lat' dir='ltr'><strong>nec</strong></span> <span class='ocrx_word' id='word_1_213' title='bbox 886 2256 1079 2316; x_wconf 89' lang='lat' dir='ltr'><strong>solum</strong></span> <span class='ocrx_word' id='word_1_214' title='bbox 1124 2275 1194 2316; x_wconf 88' lang='lat' dir='ltr'><strong>ea</strong></span> <span class='ocrx_word' id='word_1_215' title='bbox 1239 2257 1303 2317; x_wconf 89' lang='lat' dir='ltr'><strong>in</strong></span> <span class='ocrx_word' id='word_1_216' title='bbox 1350 2256 1656 2333; x_wconf 88' lang='lat' dir='ltr'><strong>quadratis</strong></span> <span class='ocrx_word' id='word_1_217' title='bbox 1701 2257 2000 2333; x_wconf 89' lang='lat' dir='ltr'><strong>lapidibus</strong></span> <span class='ocrx_word' id='word_1_218' title='bbox 2045 2261 2184 2317; x_wconf 90' lang='lat' dir='ltr'><strong>sunt</strong></span> <span class='ocrx_word' id='word_1_219' title='bbox 2229 2258 2328 2317; x_wconf 91' lang='lat' dir='ltr'><strong>ob-</strong></span> 
     </span>
     <span class='ocr_line' id='line_1_25' title="bbox 315 2342 1903 2406; baseline 0.002 -3"><span class='ocrx_word' id='word_1_220' title='bbox 315 2344 605 2403; x_wconf 87' lang='lat' dir='ltr'><strong>servanda</strong></span> <span class='ocrx_word' id='word_1_221' title='bbox 648 2342 752 2402; x_wconf 90' lang='lat' dir='ltr'><strong>sed</strong></span> <span class='ocrx_word' id='word_1_222' title='bbox 798 2344 980 2403; x_wconf 89' lang='lat' dir='ltr'><strong>etiam</strong></span> <span class='ocrx_word' id='word_1_223' title='bbox 1023 2346 1088 2403; x_wconf 91' lang='lat' dir='ltr'><strong>in</strong></span> <span class='ocrx_word' id='word_1_224' title='bbox 1132 2346 1530 2405; x_wconf 88' lang='lat' dir='ltr'><strong>caementiciis</strong></span> <span class='ocrx_word' id='word_1_225' title='bbox 1574 2346 1903 2406; x_wconf 88' lang='lat' dir='ltr'><strong>structuris.</strong></span> 
     </span>
     <span class='ocr_line' id='line_1_26' title="bbox 231 2430 2471 2512; baseline 0.004 -23"><span class='ocrx_word' id='word_1_226' title='bbox 231 2449 285 2490; x_wconf 76' lang='lat'><strong>25</strong></span> <span class='ocrx_word' id='word_1_227' title='bbox 446 2430 888 2491; x_wconf 84' lang='lat' dir='ltr'><strong>Structurarum</strong></span> <span class='ocrx_word' id='word_1_228' title='bbox 932 2453 1147 2511; x_wconf 87' lang='lat' dir='ltr'><strong>genera</strong></span> <span class='ocrx_word' id='word_1_229' title='bbox 1193 2437 1331 2493; x_wconf 83' lang='lat' dir='ltr'><strong>sunt</strong></span> <span class='ocrx_word' id='word_1_230' title='bbox 1375 2435 1537 2509; x_wconf 86' lang='lat' dir='ltr'><strong>haec,</strong></span> <span class='ocrx_word' id='word_1_231' title='bbox 1581 2435 1959 2494; x_wconf 86' lang='lat' dir='ltr'><strong>reticulatum</strong></span> <span class='ocrx_word' id='word_1_232' title='bbox 2005 2454 2120 2512; x_wconf 91' lang='lat' dir='ltr'><strong>quo</strong></span> <span class='ocrx_word' id='word_1_233' title='bbox 2166 2455 2321 2495; x_wconf 90' lang='lat' dir='ltr'><strong>nunc</strong></span> <span class='ocrx_word' id='word_1_234' title='bbox 2338 2444 2471 2499; x_wconf 92' lang='lat' dir='ltr'><strong>VIII</strong></span> 
     </span>
     <span class='ocr_line' id='line_1_27' title="bbox 312 2522 2329 2598; baseline 0.002 -20"><span class='ocrx_word' id='word_1_235' title='bbox 312 2538 514 2580; x_wconf 90' lang='lat' dir='ltr'><strong>omnes</strong></span> <span class='ocrx_word' id='word_1_236' title='bbox 568 2523 845 2596; x_wconf 89' lang='lat' dir='ltr'><strong>utuntur,</strong></span> <span class='ocrx_word' id='word_1_237' title='bbox 901 2524 962 2580; x_wconf 88' lang='lat' dir='ltr'><strong>et</strong></span> <span class='ocrx_word' id='word_1_238' title='bbox 1016 2522 1327 2598; x_wconf 88' lang='lat' dir='ltr'><strong>antiquum</strong></span> <span class='ocrx_word' id='word_1_239' title='bbox 1383 2522 1540 2598; x_wconf 91' lang='lat' dir='ltr'><strong>quod</strong></span> <span class='ocrx_word' id='word_1_240' title='bbox 1593 2524 1883 2583; x_wconf 89' lang='lat' dir='ltr'><strong>incertum</strong></span> <span class='ocrx_word' id='word_1_241' title='bbox 1935 2523 2167 2584; x_wconf 90' lang='lat' dir='ltr'><strong>dicitur.</strong></span> <span class='ocrx_word' id='word_1_242' title='bbox 2259 2543 2329 2583; x_wconf 88' lang='lat' dir='ltr'><strong>ex</strong></span> 
     </span>
     <span class='ocr_line' id='line_1_28' title="bbox 204 2600 2327 2690; baseline 0 -20"><span class='ocrx_word' id='word_1_243' title='bbox 204 2617 294 2670; x_wconf 77' lang='lat'><strong>(20)</strong></span> <span class='ocrx_word' id='word_1_244' title='bbox 313 2609 406 2669; x_wconf 91' lang='lat' dir='ltr'><strong>his</strong></span> <span class='ocrx_word' id='word_1_245' title='bbox 438 2600 446 2690; x_wconf 87' lang='grc'><strong>1</strong></span> <span class='ocrx_word' id='word_1_246' title='bbox 479 2610 782 2668; x_wconf 80' lang='lat' dir='ltr'><strong>venustius</strong></span> <span class='ocrx_word' id='word_1_247' title='bbox 830 2612 921 2669; x_wconf 90' lang='lat' dir='ltr'><strong>est</strong></span> <span class='ocrx_word' id='word_1_248' title='bbox 954 2611 1351 2686; x_wconf 86' lang='lat' dir='ltr'><strong>reticulatum,</strong></span> <span class='ocrx_word' id='word_1_249' title='bbox 1396 2611 1498 2671; x_wconf 90' lang='lat' dir='ltr'><strong>sed</strong></span> <span class='ocrx_word' id='word_1_250' title='bbox 1536 2612 1610 2669; x_wconf 85' lang='lat' dir='ltr'><strong>ad</strong></span> <span class='ocrx_word' id='word_1_251' title='bbox 1645 2614 1825 2672; x_wconf 86' lang='lat' dir='ltr'><strong>rimas</strong></span> <span class='ocrx_word' id='word_1_252' title='bbox 1861 2613 2158 2672; x_wconf 88' lang='lat' dir='ltr'><strong>faciendas</strong></span> <span class='ocrx_word' id='word_1_253' title='bbox 2193 2612 2327 2671; x_wconf 91' lang='lat' dir='ltr'><strong>ideo</strong></span> 
     </span>
     <span class='ocr_line' id='line_1_29' title="bbox 313 2697 2330 2775; baseline 0.001 -19"><span class='ocrx_word' id='word_1_254' title='bbox 313 2700 591 2773; x_wconf 88' lang='lat' dir='ltr'><strong>paratum</strong></span> <span class='ocrx_word' id='word_1_255' title='bbox 639 2697 796 2774; x_wconf 90' lang='lat' dir='ltr'><strong>quod</strong></span> <span class='ocrx_word' id='word_1_256' title='bbox 840 2700 905 2758; x_wconf 88' lang='lat' dir='ltr'><strong>in</strong></span> <span class='ocrx_word' id='word_1_257' title='bbox 950 2717 1150 2758; x_wconf 88' lang='lat' dir='ltr'><strong>omnes</strong></span> <span class='ocrx_word' id='word_1_258' title='bbox 1205 2702 1405 2775; x_wconf 85' lang='lat' dir='ltr'><strong>partes</strong></span> <span class='ocrx_word' id='word_1_259' title='bbox 1451 2700 1739 2759; x_wconf 84' lang='lat' dir='ltr'><strong>dissoluta</strong></span> <span class='ocrx_word' id='word_1_260' title='bbox 1783 2700 1963 2759; x_wconf 88' lang='lat' dir='ltr'><strong>habet</strong></span> <span class='ocrx_word' id='word_1_261' title='bbox 2006 2701 2224 2760; x_wconf 84' lang='lat' dir='ltr'><strong>cubilia</strong></span> <span class='ocrx_word' id='word_1_262' title='bbox 2269 2704 2330 2759; x_wconf 92' lang='lat' dir='ltr'><strong>et</strong></span> 
     </span>
     <span class='ocr_line' id='line_1_30' title="bbox 313 2788 2327 2865; baseline 0.001 -20"><span class='ocrx_word' id='word_1_263' title='bbox 313 2790 676 2863; x_wconf 84' lang='lat' dir='ltr'><strong>coagmenta.</strong></span> <span class='ocrx_word' id='word_1_264' title='bbox 747 2788 973 2847; x_wconf 84' lang='lat' dir='ltr'><strong>incerta</strong></span> <span class='ocrx_word' id='word_1_265' title='bbox 1008 2806 1147 2847; x_wconf 84' lang='lat' dir='ltr'><strong>vero</strong></span> <span class='ocrx_word' id='word_1_266' title='bbox 1193 2790 1497 2847; x_wconf 84' lang='lat' dir='ltr'><strong>caementa</strong></span> <span class='ocrx_word' id='word_1_267' title='bbox 1545 2788 1663 2846; x_wconf 84' lang='grc'><strong>8118</strong></span> <span class='ocrx_word' id='word_1_268' title='bbox 1698 2806 1874 2865; x_wconf 89' lang='lat' dir='ltr'><strong>super</strong></span> <span class='ocrx_word' id='word_1_269' title='bbox 1910 2790 2027 2848; x_wconf 87' lang='lat' dir='ltr'><strong>alia</strong></span> <span class='ocrx_word' id='word_1_270' title='bbox 2064 2789 2327 2849; x_wconf 87' lang='lat' dir='ltr'><strong>sedentia</strong></span> 
     </span>
     <span class='ocr_line' id='line_1_31' title="bbox 231 2874 2329 2954; baseline 0.001 -21"><span class='ocrx_word' id='word_1_271' title='bbox 231 2892 286 2933; x_wconf 73' lang='lat' dir='ltr'><strong>so</strong></span> <span class='ocrx_word' id='word_1_272' title='bbox 310 2874 470 2933; x_wconf 89' lang='lat' dir='ltr'><strong>inter</strong></span> <span class='ocrx_word' id='word_1_273' title='bbox 513 2894 692 2952; x_wconf 91' lang='lat' dir='ltr'><strong>seque</strong></span> <span class='ocrx_word' id='word_1_274' title='bbox 746 2876 1056 2935; x_wconf 86' lang='lat' dir='ltr'><strong>imbricata</strong></span> <span class='ocrx_word' id='word_1_275' title='bbox 1100 2894 1220 2936; x_wconf 92' lang='lat' dir='ltr'><strong>non</strong></span> <span class='ocrx_word' id='word_1_276' title='bbox 1269 2877 1595 2952; x_wconf 85' lang='lat' dir='ltr'><strong>speciosam</strong></span> <span class='ocrx_word' id='word_1_277' title='bbox 1638 2876 1743 2936; x_wconf 89' lang='lat' dir='ltr'><strong>sed</strong></span> <span class='ocrx_word' id='word_1_278' title='bbox 1785 2876 2104 2937; x_wconf 90' lang='lat' dir='ltr'><strong>firmiorem</strong></span> <span class='ocrx_word' id='word_1_279' title='bbox 2152 2898 2329 2954; x_wconf 85' lang='lat' dir='ltr'><strong>quam</strong></span> 
     </span>
    </p>
   </div>
   <div class='ocr_carea' id='block_1_3' title="bbox 308 3014 734 3023">
    <p class='ocr_par' dir='ltr' id='par_1_3' title="bbox 308 3014 734 3023">
     <span class='ocr_line' id='line_1_32' title="bbox 308 3014 734 3023; baseline 0 0"><span class='ocrx_word' id='word_1_280' title='bbox 308 3014 734 3023; x_wconf 95' lang='lat' dir='ltr'><strong> </strong></span> 
     </span>
    </p>
   </div>
   <div class='ocr_carea' id='block_1_4' title="bbox 311 3079 2330 3491">
    <p class='ocr_par' dir='ltr' id='par_1_4' title="bbox 312 3079 2330 3223">
     <span class='ocr_line' id='line_1_33' title="bbox 461 3079 2122 3150; baseline 0.002 -17"><span class='ocrx_word' id='word_1_281' title='bbox 461 3084 596 3133; x_wconf 83' lang='grc'><strong>1-5</strong></span> <span class='ocrx_word' id='word_1_282' title='bbox 627 3079 725 3134; x_wconf 86' lang='lat' dir='ltr'><strong>sed</strong></span> <span class='ocrx_word' id='word_1_283' title='bbox 754 3082 840 3135; x_wconf 87' lang='lat' dir='ltr'><strong>est</strong></span> <span class='ocrx_word' id='word_1_284' title='bbox 867 3083 918 3150; x_wconf 88' lang='lat' dir='ltr'><strong>(e</strong></span> <span class='ocrx_word' id='word_1_285' title='bbox 949 3081 1080 3149; x_wconf 85' lang='lat' dir='ltr'><strong>GS)</strong></span> <span class='ocrx_word' id='word_1_286' title='bbox 1105 3080 1307 3135; x_wconf 85' lang='lat' dir='ltr'><strong>firma.</strong></span> <span class='ocrx_word' id='word_1_287' title='bbox 1384 3096 1797 3149; x_wconf 86' lang='lat' dir='ltr'><strong>..permanens</strong></span> <span class='ocrx_word' id='word_1_288' title='bbox 1874 3081 2122 3136; x_wconf 88' lang='lat' dir='ltr'><strong>..habet</strong></span> 
     </span>
     <span class='ocr_line' id='line_1_34' title="bbox 312 3124 2330 3223; baseline 0.001 -19"><span class='ocrx_word' id='word_1_289' title='bbox 312 3150 541 3206; x_wconf 88' lang='lat' dir='ltr'><strong>lidata.</strong></span> <span class='ocrx_word' id='word_1_290' title='bbox 618 3153 893 3206; x_wconf 82' lang='lat' dir='ltr'><strong>‚nocetur</strong></span> <span class='ocrx_word' id='word_1_291' title='bbox 917 3169 972 3207; x_wconf 74' lang='grc' dir='ltr'><strong>ω.</strong></span> <span class='ocrx_word' id='word_1_292' title='bbox 1001 3153 1020 3222; x_wconf 96' lang='grc'><strong>11</strong></span> <span class='ocrx_word' id='word_1_293' title='bbox 1047 3156 1078 3204; x_wconf 87' lang='grc'>3</span> <span class='ocrx_word' id='word_1_294' title='bbox 1108 3150 1303 3221; x_wconf 83' lang='grc' dir='ltr'><strong>οοιι(Η</strong></span> <span class='ocrx_word' id='word_1_295' title='bbox 1309 3152 1381 3219; x_wconf 94' lang='grc'><strong>6</strong></span> <span class='ocrx_word' id='word_1_296' title='bbox 1409 3160 1475 3206; x_wconf 81' lang='grc' dir='ltr'><strong>οδ</strong></span> <span class='ocrx_word' id='word_1_297' title='bbox 1494 3151 1674 3223; x_wconf 73' lang='lat' dir='ltr'><strong>SG⁶)p</strong></span> <span class='ocrx_word' id='word_1_298' title='bbox 1679 3124 2023 3207; x_wconf 80' lang='lat' dir='ltr'><strong>arationibus</strong></span> <span class='ocrx_word' id='word_1_299' title='bbox 2051 3154 2149 3223; x_wconf 75' lang='lat' dir='ltr'><strong>&lt;sic</strong></span> <span class='ocrx_word' id='word_1_300' title='bbox 2172 3154 2330 3221; x_wconf 78' lang='lat' dir='ltr'><strong>recte)</strong></span> 
     </span>
    </p>

    <p class='ocr_par' dir='ltr' id='par_1_5' title="bbox 448 3221 2329 3348">
     <span class='ocr_line' id='line_1_35' title="bbox 448 3221 2329 3348; baseline 0.001 -73"><span class='ocrx_word' id='word_1_301' title='bbox 448 3226 480 3275; x_wconf 82' lang='lat'>6</span> <span class='ocrx_word' id='word_1_302' title='bbox 509 3221 738 3277; x_wconf 85' lang='lat' dir='ltr'><strong>ferentis</strong></span> <span class='ocrx_word' id='word_1_303' title='bbox 765 3239 821 3277; x_wconf 73' lang='grc' dir='ltr'><strong>ω.</strong></span> <span class='ocrx_word' id='word_1_304' title='bbox 850 3223 869 3292; x_wconf 93' lang='grc'><strong>11</strong></span> <span class='ocrx_word' id='word_1_305' title='bbox 896 3228 928 3276; x_wconf 91' lang='grc'>8</span> <span class='ocrx_word' id='word_1_306' title='bbox 958 3221 1268 3277; x_wconf 84' lang='lat' dir='ltr'><strong>achanthos</strong></span> <span class='ocrx_word' id='word_1_307' title='bbox 1296 3222 1366 3277; x_wconf 89' lang='lat' dir='ltr'><strong><em>H</em></strong></span> <span class='ocrx_word' id='word_1_308' title='bbox 1387 3223 1430 3293; x_wconf 91' lang='lat'><strong>(-</strong></span> <span class='ocrx_word' id='word_1_309' title='bbox 1434 3225 1523 3277; x_wconf 88' lang='lat' dir='ltr'><strong>tos</strong></span> <span class='ocrx_word' id='word_1_310' title='bbox 1555 3224 1700 3292; x_wconf 85' lang='lat' dir='ltr'><strong>GS).</strong></span> <span class='ocrx_word' id='word_1_311' title='bbox 1729 3224 1749 3293; x_wconf 94' lang='grc'><strong>11</strong></span> <span class='ocrx_word' id='word_1_312' title='bbox 1776 3228 1807 3276; x_wconf 87' lang='grc'>9</span> <span class='ocrx_word' id='word_1_313' title='bbox 1838 3222 2129 3348; x_wconf 72' lang='lat' dir='ltr'><strong>scalptosS</strong></span> <span class='ocrx_word' id='word_1_314' title='bbox 2110 3223 2180 3277; x_wconf 89' lang='lat' dir='ltr'><em>H</em></span> <span class='ocrx_word' id='word_1_315' title='bbox 2183 3223 2329 3291; x_wconf 88' lang='lat' dir='ltr'><strong>(G)</strong></span> 
     </span>
    </p>

    <p class='ocr_par' dir='ltr' id='par_1_6' title="bbox 311 3292 2329 3422">
     <span class='ocr_line' id='line_1_36' title="bbox 436 3292 2329 3377; baseline 0 -30"><span class='ocrx_word' id='word_1_316' title='bbox 436 3294 564 3362; x_wconf 85' lang='lat' dir='ltr'><strong>ptos</strong></span> <span class='ocrx_word' id='word_1_317' title='bbox 596 3293 712 3350; x_wconf 79' lang='lat' dir='ltr'><strong>GS</strong></span> <span class='ocrx_word' id='word_1_318' title='bbox 749 3296 770 3363; x_wconf 93' lang='grc'><strong>11</strong></span> <span class='ocrx_word' id='word_1_319' title='bbox 807 3298 874 3347; x_wconf 90' lang='grc'><strong>10</strong></span> <span class='ocrx_word' id='word_1_320' title='bbox 911 3296 1042 3349; x_wconf 89' lang='lat' dir='ltr'><strong>sunt</strong></span> <span class='ocrx_word' id='word_1_321' title='bbox 1083 3300 1209 3351; x_wconf 76' lang='lat' dir='ltr'><strong>ante</strong></span> <span class='ocrx_word' id='word_1_322' title='bbox 1243 3310 1355 3350; x_wconf 81' lang='lat' dir='ltr'><strong>ras.</strong></span> <span class='ocrx_word' id='word_1_323' title='bbox 1389 3294 1455 3349; x_wconf 87' lang='lat' dir='ltr'><strong>G.</strong></span> <span class='ocrx_word' id='word_1_324' title='bbox 1483 3295 1521 3377; x_wconf 48' lang='lat' dir='ltr'><strong>ss·</strong></span> <span class='ocrx_word' id='word_1_325' title='bbox 1532 3299 1595 3348; x_wconf 92' lang='grc'><strong>11</strong></span> <span class='ocrx_word' id='word_1_326' title='bbox 1634 3294 1827 3349; x_wconf 86' lang='lat' dir='ltr'><strong>formis</strong></span> <span class='ocrx_word' id='word_1_327' title='bbox 1863 3296 2057 3363; x_wconf 73' lang='lat' dir='ltr'><strong>con(co</strong></span> <span class='ocrx_word' id='word_1_328' title='bbox 2084 3292 2329 3374; x_wconf 79' lang='lat' dir='ltr'><strong>SG⁶)pa-</strong></span> 
     </span>
     <span class='ocr_line' id='line_1_37' title="bbox 311 3362 2328 3491; baseline 0 -75"><span class='ocrx_word' id='word_1_329' title='bbox 311 3364 470 3417; x_wconf 87' lang='lat' dir='ltr'><strong>ratas</strong></span> <span class='ocrx_word' id='word_1_330' title='bbox 499 3363 628 3431; x_wconf 84' lang='lat' dir='ltr'><strong>HS,</strong></span> <span class='ocrx_word' id='word_1_331' title='bbox 661 3364 870 3418; x_wconf 86' lang='lat' dir='ltr'><strong>formas</strong></span> <span class='ocrx_word' id='word_1_332' title='bbox 898 3380 1040 3491; x_wconf 91' lang='lat' dir='ltr'><strong>con</strong></span> <span class='ocrx_word' id='word_1_333' title='bbox 1043 3368 1231 3421; x_wconf 87' lang='lat' dir='ltr'><strong>aratas</strong></span> <span class='ocrx_word' id='word_1_334' title='bbox 1262 3366 1477 3435; x_wconf 78' lang='grc'><strong>61112</strong></span> <span class='ocrx_word' id='word_1_335' title='bbox 1502 3364 1577 3420; x_wconf 89' lang='lat' dir='ltr'><strong>is.</strong></span> <span class='ocrx_word' id='word_1_336' title='bbox 1616 3365 1703 3420; x_wconf 89' lang='lat' dir='ltr'><strong>his</strong></span> <span class='ocrx_word' id='word_1_337' title='bbox 1730 3362 2328 3434; x_wconf 78' lang='lat' dir='ltr'><strong>x.15palliens1bus</strong></span> 
     </span>
    </p>
   </div>
   <div class='ocr_carea' id='block_1_5' title="bbox 312 3366 2331 3561">
    <p class='ocr_par' dir='ltr' id='par_1_7' title="bbox 312 3366 2331 3561">
     <span class='ocr_line' id='line_1_38' title="bbox 312 3366 2331 3561; baseline 0.001 -72"><span class='ocrx_word' id='word_1_338' title='bbox 312 3450 370 3489; x_wconf 69' lang='lat' dir='ltr'><strong>x.</strong></span> <span class='ocrx_word' id='word_1_339' title='bbox 397 3436 418 3503; x_wconf 93' lang='grc'><strong>11</strong></span> <span class='ocrx_word' id='word_1_340' title='bbox 447 3440 513 3487; x_wconf 86' lang='grc'><strong>16</strong></span> <span class='ocrx_word' id='word_1_341' title='bbox 540 3434 678 3516; x_wconf 67' lang='lat' dir='ltr'><strong>¹3be</strong></span> <span class='ocrx_word' id='word_1_342' title='bbox 707 3434 806 3561; x_wconf 51' lang='grc' dir='ltr'><strong><em>Ἡ</em></strong></span> <span class='ocrx_word' id='word_1_343' title='bbox 836 3435 933 3505; x_wconf 87' lang='lat' dir='ltr'><strong>qui</strong></span> <span class='ocrx_word' id='word_1_344' title='bbox 961 3383 1096 3493; x_wconf 60' lang='lat' dir='ltr'><strong>If&amp;</strong></span> <span class='ocrx_word' id='word_1_345' title='bbox 1136 3436 1260 3506; x_wconf 84' lang='lat' dir='ltr'><strong>quis</strong></span> <span class='ocrx_word' id='word_1_346' title='bbox 1290 3438 1357 3493; x_wconf 94' lang='grc'><strong>6.</strong></span> <span class='ocrx_word' id='word_1_347' title='bbox 1361 3366 1405 3507; x_wconf 83' lang='grc' dir='ltr'><strong>ΙΙ11</strong></span> <span class='ocrx_word' id='word_1_348' title='bbox 1432 3442 1500 3491; x_wconf 83' lang='grc'><strong>28</strong></span> <span class='ocrx_word' id='word_1_349' title='bbox 1527 3436 1739 3492; x_wconf 87' lang='lat' dir='ltr'><strong>cubilia</strong></span> <span class='ocrx_word' id='word_1_350' title='bbox 1839 3436 1901 3491; x_wconf 84' lang='lat' dir='ltr'><strong>S:</strong></span> <span class='ocrx_word' id='word_1_351' title='bbox 1935 3382 2192 3489; x_wconf 90' lang='lat' dir='ltr'><strong>cubicula</strong></span> <span class='ocrx_word' id='word_1_352' title='bbox 2223 3436 2291 3491; x_wconf 95' lang='grc'><strong>6.</strong></span> <span class='ocrx_word' id='word_1_353' title='bbox 2308 3436 2331 3507; x_wconf 95' lang='grc'><strong>11</strong></span> 
     </span>
     <span class='ocr_line' id='line_1_39' title="bbox 316 3503 702 3559; baseline 0.01 -3"><span class='ocrx_word' id='word_1_354' title='bbox 316 3508 385 3557; x_wconf 89' lang='grc'><strong>30</strong></span> <span class='ocrx_word' id='word_1_355' title='bbox 420 3503 702 3559; x_wconf 89' lang='lat' dir='ltr'><strong>inbricata</strong></span> 
     </span>
    </p>
   </div>
  </div>
 </body>
</html>
