2664 3927
768 139 863 194 nn
900 138 1458 195 ARCHITECTURA
1493 139 1623 195 Lm.
1662 140 1729 210 n,
1768 146 1800 194 8
2200 141 2284 204 47

282 290 526 349 alternis
581 289 753 357 coriis
800 292 1175 368 coagmenta,
1225 293 1287 349 et
1331 290 1415 349 sic
1458 290 1711 351 maxime
1757 289 1835 349 ad
1878 292 2291 352 aeternitatem

280 378 480 450 firmas
532 379 845 459 perficiunt
887 378 1156 445 virtutes.
1245 380 1392 439 haec
1445 383 1645 451 autem
1699 378 1924 439 duobus
1978 380 2287 457 generibus

176 478 262 532 (25)
281 470 604 541 struuntur.
695 487 765 527 ex
808 467 900 539 his
940 462 950 549 Ι
989 488 1171 537 unum
1214 468 1570 544 isodomum,
1614 468 1869 527 alterum
1912 469 2287 544 pseudisodo-

280 576 442 623 mum
468 557 824 633 appellatur.
886 556 1216 629 isodomum
1245 556 1463 625 dicitur
1498 575 1632 616 cum
1668 557 1866 617 omnia
1902 558 2062 627 coria
2098 576 2288 635 aequa
2326 572 2361 619 6

228 664 254 705 5
281 644 666 706 crassitudine
721 644 944 713 fuerint
997 647 1220 716 structa
1233 690 1249 721 ,
1302 645 1819 721 pseudisodomum
1873 664 2005 705 cum
2052 646 2289 721 inpares

176 740 252 797 48
283 736 342 791 et
393 732 736 809 inaequales
792 732 1024 792 ordines
1063 725 1072 813 Ι
1114 733 1406 794 coriorum
1460 734 1811 811 diriguntur.
1911 752 1981 802 ea
2038 737 2290 810 utraque

281 824 418 881 sunt
462 822 594 883 ideo
639 821 829 895 firma,
873 820 1131 897 primum
1176 822 1334 896 quod
1386 824 1519 899 ipsa
1566 825 1871 884 caementa
1916 826 2055 883 sunt
2100 823 2291 899 spissa

281 913 341 969 et
393 910 585 970 solida
639 909 1003 986 proprietate
1056 928 1247 985 neque
1299 910 1372 972 de
1425 910 1676 971 materia
1720 914 1968 988 possunt
2012 930 2289 989 exsugere

279 999 572 1074 liquorem
625 998 728 1057 sed
781 1001 1132 1059 conservant
1185 1016 1316 1059 eam
1364 998 1428 1057 in
1480 1018 1586 1059 suo
1632 1018 1833 1063 umore
1878 1000 1956 1073 ad
2000 1018 2291 1062 summam

139 1098 197 1150 (5)
213 1100 264 1141 ιο
277 1089 656 1163 vetustatem,
681 1086 928 1163 ipsaque
956 1104 1158 1147 eorum
1184 1086 1405 1148 cubilia
1444 1082 1454 1164 Ι
1492 1088 1750 1163 primum
1775 1088 1957 1163 plana
1986 1093 2047 1148 et
2071 1088 2291 1149 librata

279 1175 478 1250 posita
520 1193 640 1234 non
683 1175 995 1251 patiuntur
1037 1194 1208 1236 ruere
1253 1176 1586 1251 materiam,
1630 1176 1732 1235 sed
1774 1180 2063 1252 perpetua
2097 1178 2289 1253 parie-

279 1267 410 1323 tum
446 1263 830 1323 crassitudine
865 1264 1121 1341 religata
1157 1264 1463 1327 continent
1498 1264 1575 1323 ad
1602 1282 1890 1324 summam
1916 1268 2289 1326 vetustatem.

281 1352 472 1423 altera
526 1356 615 1414 est
669 1371 848 1429 quam
903 1352 1256 1424 εμπλεκτον
1300 1354 1637 1429 appellant,
1693 1371 1810 1428 qua
1866 1353 2046 1411 etiam
2102 1356 2290 1413 nostri
2329 1371 2358 1419 ‘1

279 1440 488 1513 rustici
522 1443 786 1501 utuntur.
860 1460 1113 1517 quorum
1153 1442 1381 1502 frontes
1424 1441 1750 1519 poliuntur,
1792 1442 2024 1517 reliqua
2068 1442 2157 1501 ita
2200 1444 2290 1501 uti

123 1541 206 1592 (10)
218 1542 268 1591 15
279 1532 418 1589 sunt
469 1532 615 1592 nata
669 1548 802 1589 cum
854 1531 1108 1590 materia
1153 1531 1462 1601 conlocata
1507 1529 1753 1603 alternis
1802 1522 2075 1610 allligant
2119 1548 2291 1608 coag-

278 1618 508 1679 mentis
591 1619 693 1678 sed
735 1619 926 1681 nostri
973 1618 1266 1679 celeritati
1310 1618 1633 1694 studentes,
1678 1621 1872 1678 erecta
1918 1620 2290 1687 conlocantes

278 1706 568 1767 frontibus
623 1706 889 1781 serviunt
944 1711 1004 1766 et
1055 1708 1118 1769 in
1169 1707 1365 1781 medio
1416 1707 1677 1781 farciunt
1716 1706 1923 1768 fractis
1970 1707 2293 1783 separatim

281 1813 413 1856 eum
465 1796 715 1856 materia
770 1796 1104 1856 caementis.
1194 1796 1283 1855 ita
1336 1799 1458 1855 tres
1506 1797 1867 1865 suscitantur
1911 1796 1974 1853 in
2020 1814 2089 1854 ea
2132 1799 2285 1858 stru-

281 1886 448 1943 ctura
484 1886 732 1958 crustae,
767 1884 918 1943 duae
953 1884 1241 1949 frontium
1269 1887 1330 1943 et
1355 1902 1475 1946 una
1500 1885 1697 1943 media
1732 1886 2013 1944 farturae.
2080 1883 2289 1955 Graeci

123 1984 270 2039 (1⁵)20
280 1990 419 2038 vero
454 1991 573 2032 non
607 1972 715 2049 ita,
759 1973 861 2032 sed
896 1973 1079 2050 plana
1115 1975 1486 2046 conlocantes
1525 1978 1585 2033 et
1619 1973 2017 2052 longitudines
2050 1965 2059 2055 Ι
2090 1993 2292 2037 eorum

281 2061 524 2132 alternis
578 2061 643 2118 in
697 2061 1145 2132 crassitudinem
1189 2063 1572 2138 instruentes,
1626 2083 1745 2124 non
1792 2063 1988 2124 media
2031 2064 2292 2134 farciunt

281 2149 383 2220 sed
439 2167 469 2208 e
529 2149 650 2208 suis
711 2149 1004 2216 frontibus
1065 2154 1415 2228 perpetuam
1478 2154 1538 2222 et
1599 2170 1780 2226 unam
1842 2151 2291 2212 crassitudinem

279 2237 575 2313 parietum
602 2229 987 2310 consolidant.
1049 2242 1359 2316 praeterea
1383 2241 1769 2316 interponunt
1794 2240 2055 2318 singulos
2084 2241 2289 2308 crassi·

279 2326 483 2398 tudine
527 2329 817 2404 perpetua
860 2331 1112 2404 utraque
1155 2331 1328 2404 parte
1372 2330 1695 2404 frontatOS,
1748 2347 1897 2404 quos
1954 2330 2291 2398 διᾳτονουε

203 2435 253 2478 25
280 2417 604 2492 appellant,
652 2417 756 2492 qui
797 2416 1051 2488 maxime
1095 2417 1402 2494 religando
1440 2417 1788 2479 confirmant
1822 2418 2118 2493 parietum
2154 2417 2291 2477 soli-

178 2517 262 2568 (20)
280 2497 562 2586 diltatem.
635 2504 839 2581 itaque
877 2506 927 2564 si
965 2505 1066 2581 qui
1102 2505 1360 2576 voluerit
1395 2524 1465 2565 ex
1502 2506 1597 2566 his
1633 2507 2069 2567 commentariis
2104 2506 2291 2578 anim-
2328 2521 2360 2569 8

280 2593 585 2658 advertere
632 2596 692 2658 et
735 2594 951 2672 eligere
997 2611 1182 2671 genus
1225 2597 1575 2670 structurae,
1618 2595 2036 2673 perpetuitatis
2070 2595 2293 2670 poterit

279 2682 572 2743 rationem
615 2681 846 2743 habere.
935 2701 1056 2742 non
1111 2683 1268 2742 enim
1314 2701 1466 2760 quae
1512 2685 1652 2741 sunt
1696 2701 1726 2742 e
1770 2683 1939 2755 molli
1988 2687 2291 2756 caemento

279 2771 483 2838 subtili
526 2771 678 2840 facie
723 2770 1070 2846 venustatis,
1113 2790 1233 2843 non
1277 2790 1383 2833 eae
1426 2774 1675 2847 possunt
1720 2789 1844 2832 esse
1886 2772 1951 2830 in
1996 2774 2291 2842 vetustate

419 2997 452 3045 3
506 2995 584 3063 (4)
635 2992 987 3047 hisodomum
1030 3010 1084 3048 ω.
1145 2997 1154 3061 Ι
1211 2994 1283 3063 (et
1327 2995 1382 3062 5)
1428 2991 1915 3062 speudisodomum
1959 2992 2004 3048 S
2043 3000 2093 3048 et
2146 2994 2293 3063 (ante

279 3066 410 3134 raa)
442 3064 506 3119 G.
545 3066 566 3134 ΙΙ
601 3068 632 3117 8
671 3079 936 3133 exsugere
965 3064 1092 3120 SG:
1132 3080 1371 3134 exugere
1405 3063 1481 3130 H
1519 3065 1539 3133 ΙΙ
1575 3069 1607 3116 9
1646 3079 1795 3128 eam:
1834 3080 1901 3120 ea
1936 3082 1993 3119 x.
2032 3066 2052 3134 ΙΙ
2095 3068 2160 3117 13
2200 3079 2292 3117 en-

279 3133 504 3204 plecton
537 3154 592 3192 ω.
622 3137 642 3205 ΙΙ
672 3140 737 3191 14
775 3150 1009 3204 quorum
1049 3137 1195 3204 (ante
1232 3151 1368 3190 corr.
1406 3135 1601 3206 marq.)
1637 3152 1737 3191 om.
1768 3135 1822 3191 S.
1850 3139 1869 3206 ss
1898 3140 1963 3190 16
2002 3132 2290 3188 celeritate

280 3213 405 3260 ante
441 3223 576 3260 corr.
610 3206 676 3261 G.
723 3207 741 3276 ΙΙ
789 3210 853 3259 17
891 3205 1108 3260 faciunt
1144 3206 1256 3273 (sed
1283 3205 1345 3260 Sc
1384 3204 1647 3276 farciunt)
1682 3202 1849 3260 factis
1885 3223 1940 3262 ω.
1982 3207 2001 3274 ΙΙ
2044 3209 2109 3258 18
2148 3207 2291 3259 stru-

280 3278 434 3371 cmg
464 3275 516 3331 S.
546 3279 564 3346 ΙΙ
593 3282 658 3329 22
686 3275 991 3332 frontibus:
1027 3275 1290 3344 {frontatis
1317 3293 1371 3330 ω.
1407 3281 1415 3345 Ι
1446 3277 1505 3330 et
1538 3293 1733 3334 unam:
1774 3278 1831 3331 et
1856 3275 1918 3330 in
1944 3292 2115 3330 unam
2142 3276 2211 3331 H
2220 3277 2289 3342 G,

280 3363 362 3412 om
390 3351 443 3402 ὸ.
473 3349 492 3418 11
520 3351 587 3400 23
615 3348 872 3416 preterea
903 3347 1048 3402 (3802
1085 3349 1446 3416 praecaetera
1473 3347 1552 3414 H,
1578 3349 1809 3421 §cetera
1835 3349 1981 3416 (ante
2008 3348 2167 3416 corr.)
2197 3346 2250 3402 S.

283 3422 348 3470 24
375 3421 536 3486 parte
565 3417 692 3474 86⁶
719 3419 898 3488 (porte
930 3418 1025 3485 ὅθι
1070 3421 1261 3488 partes
1291 3419 1367 3472 H.
1400 3421 1410 3487 Ι
1443 3417 1702 3484 diatonos
1729 3416 1797 3471 H
1806 3417 1874 3486 G,
1911 3417 2171 3478 diatanos
2200 3418 2252 3474 S.

281 3493 347 3540 29
388 3505 486 3543 eae
514 3488 584 3542 H
613 3496 664 3543 et
700 3491 806 3560 (ee)
835 3488 1025 3558 S(G0):
1062 3489 1170 3543 hae
1201 3489 1266 3544 G.
1302 3493 1309 3560 1
1342 3491 1638 3543 venustate
1672 3506 1728 3544 x.
