2664 3927
822 213 917 267 DE
955 211 1513 268 ARCHITECTURA
1549 212 1683 267 LIB.
1722 211 1817 282 IV,
1858 218 1884 265 1
2282 211 2367 274 85

329 364 589 422 radicem
633 364 830 422 fuerat
885 365 1244 422 conlocatus
1335 363 1575 424 interim
1629 361 1887 438 pondere
1943 380 2146 438 pressa
2199 361 2368 420 radix

333 453 571 512 acanthi
616 453 812 512 media
864 452 1014 511 folia
1068 455 1128 511 et
1183 453 1505 511 cauliculos
1562 450 1783 510 circum
1826 471 2079 511 vernum
2130 454 2367 527 tempus

329 542 614 618 profudit,
659 543 825 601 cuius
873 541 1149 599 cauliculi
1186 539 1507 600 secundum
1547 541 1770 599 calathi
1804 541 1997 599 latera
2043 543 2367 599 crescentes

224 643 310 694 (³⁰)
331 635 392 690 et
421 631 494 690 ab
531 631 767 708 angulis
793 630 1032 707 tegulae
1073 626 1082 709 Ι
1122 630 1398 705 ponderis
1435 631 1788 689 necessitate
1826 630 2085 705 expressi
2111 629 2363 688 flexuras

225 720 298 775 87
328 722 392 779 in
452 723 740 779 extremas
799 721 1000 795 partes
1053 712 1413 800 vofilutarum
1464 719 1658 778 facere
1723 721 1863 777 sunt
1926 718 2133 777 coacti.
2223 721 2366 776 tunc

235 818 244 827 ‘
277 831 302 870 6
333 809 729 868 Callimachus
742 853 758 882 ,
815 809 918 884 qui
939 867 947 872 ,
972 810 1219 883 propter
1263 807 1623 884 elegantiam
1669 811 1731 866 et
1774 807 2173 867 subtilitatem
2218 808 2365 864 artis

326 916 691 956 marmoreae
740 897 812 955 ab
858 895 1318 955 Atheniensibus
1379 897 1883 956 catatexitechnos
1935 898 2134 955 fuerat
2178 896 2365 954 nomi-

329 990 524 1063 natuS,
569 985 933 1062 praeteriens
977 985 1090 1044 hoc
1135 987 1585 1044 monumentum
1630 985 2055 1045 animadvertit
2101 1005 2236 1042 eum
2271 1003 2365 1043 ca-

251 1088 312 1139 (5)
330 1076 565 1134 lathum
610 1078 671 1134 et
716 1075 873 1133 circa
917 1074 1199 1132 foliorum
1243 1077 1583 1133 nascentem
1633 1066 2057 1156 telneritatem,
2112 1073 2367 1132 delecta-

227 1186 302 1226 ‚10
331 1167 550 1240 tusque
597 1183 808 1241 genere
846 1165 906 1222 et
941 1164 1168 1222 formae
1205 1163 1475 1222 novitate
1513 1163 1589 1221 ad
1628 1162 1691 1220 id
1728 1163 2027 1239 exemplar
2064 1163 2366 1221 columnas

329 1253 487 1329 apud
527 1252 865 1312 Corinthios
901 1253 1046 1311 fecit
1082 1252 1579 1328 symmetriasque
1617 1252 1947 1326 constituit,
1994 1255 2055 1310 et
2091 1271 2160 1310 ex
2198 1270 2265 1310 eo
2302 1253 2367 1309 in

329 1359 572 1418 operum
584 1341 1046 1418 perfectionibus
1060 1339 1353 1400 Corinthii
1367 1341 1598 1418 generis
1614 1340 1918 1399 distribuit
1930 1341 2210 1398 rationes
2238 1340 2363 1398 eius

328 1434 529 1490 autem
563 1431 811 1507 capituli
848 1429 1193 1506 symmetria
1229 1429 1314 1489 sic
1354 1432 1443 1488 est
1479 1429 1753 1489 facienda
1787 1430 1880 1487 uti
1917 1431 2143 1505 quanta
2178 1429 2363 1487 fuerit

221 1532 308 1582 (10)
327 1519 654 1579 crassitudo
692 1520 846 1578 imae
883 1519 1210 1594 columnae,
1255 1521 1431 1577 tanta
1470 1512 1479 1597 Ι
1520 1519 1600 1577 sit
1648 1517 1901 1576 altitudo
1941 1517 2192 1593 capituli
2228 1536 2363 1576 cum

247 1629 297 1669 15
327 1610 527 1669 abaco.
611 1609 780 1668 abaci
818 1607 1079 1667 latitudo
1113 1609 1201 1666 ita
1227 1608 1449 1666 habeat
1482 1609 1777 1670 rationem
1811 1609 1881 1665 ut
1918 1609 2144 1683 quanta
2179 1607 2362 1664 fuerit

326 1698 610 1772 altitudo,
662 1700 837 1756 tanta
882 1697 1000 1756 dua
1057 1698 1178 1756 sint
1223 1697 1506 1773 diagonia
1552 1697 1627 1754 ab
1674 1696 1894 1773 angulo
1951 1695 2029 1754 ad
2075 1695 2363 1772 angulum

326 1787 539 1862 spatia.
611 1787 700 1845 ita
747 1788 904 1845 enim
949 1787 1138 1844 iustas
1183 1785 1487 1844 habebunt
1530 1786 1755 1844 frontes
1794 1802 2237 1861 quoquoversus
2274 1784 2360 1842 la-

327 1875 622 1934 titudinis.
710 1875 938 1933 frontes
985 1876 1295 1933 sinuentur
1339 1877 1629 1934 introrsus
1678 1874 1753 1932 ab
1802 1865 2077 1933 extremis
2124 1873 2360 1950 angulis

221 1976 309 2027 (15)
330 1963 499 2022 abaci
544 1982 684 2022 suae
728 1966 942 2023 frontis
989 1963 1326 2024 latitudinis
1371 1982 1545 2023 nona.
1637 1963 1712 2022 ad
1754 1959 1763 2043 Ι
1803 1966 1989 2022 imum
2032 1962 2363 2039 capitulum

247 2075 302 2113 2⁰
325 2054 562 2111 tantam
605 2052 825 2111 habeat
880 2052 1359 2127 crassitudinem,
1415 2056 1701 2129 quantam
1752 2053 1934 2111 habet
1992 2071 2222 2111 summa
2268 2070 2363 2110 co-

324 2142 530 2223 lumna
573 2144 815 2217 praeter
851 2142 1182 2217 apothesim
1229 2144 1289 2201 et
1334 2142 1718 2219 astragalum.
1811 2142 1980 2200 abaci
2026 2141 2359 2201 crassitudo

325 2233 580 2307 septima
643 2230 892 2306 capituli
955 2230 1307 2290 altitudinis.
1407 2231 1651 2306 dempta
1714 2231 1884 2289 abaci
1950 2230 2357 2305 crassitudine,

325 2320 629 2381 dividatur
670 2320 901 2396 reliqua
945 2338 1082 2395 pars
1128 2322 1192 2378 in
1239 2322 1447 2395 'partes
1503 2323 1653 2394 tres,
1712 2340 1743 2378 e
1801 2319 2013 2396 quibus
2068 2339 2189 2377 una
2240 2321 2362 2377 imo

322 2410 468 2467 folio
534 2408 724 2467 detur.
831 2409 1154 2467 secundum
1226 2409 1441 2467 folium
1516 2408 1772 2468 mediam
1836 2407 2216 2467 altitudinem
2276 2411 2365 2467 te·-

161 2509 250 2563 (πο)
263 2513 314 2552 25
329 2491 499 2582 [neat.
605 2497 882 2556 cauliculi
946 2496 1194 2556 eandem
1257 2498 1519 2556 habeant
1584 2496 1961 2556 altitudinem
1974 2542 1989 2571 ,
2054 2517 2085 2555 e
2149 2497 2364 2573 quibus

321 2588 468 2646 folia
522 2588 847 2645 nascuntur
900 2588 1166 2661 proiecta
1223 2588 1316 2645 uti
1381 2588 1681 2662 excipiant
1733 2606 1882 2662 quae
1936 2605 2005 2643 ex
2056 2586 2361 2665 cauliculis

2407 730 2474 777 10

2407 1352 2469 1398 11

2399 2241 2464 2288 12

321 2679 498 2735 natae
554 2678 910 2751 procurrunt
965 2674 1040 2733 ad
1099 2678 1390 2735 extremos
1451 2675 1699 2752 angulos
1750 2675 2018 2749 volutae,
2080 2676 2358 2733 minores-
2426 2740 2431 2743 ,

323 2785 436 2841 que
499 2764 716 2823 helices
780 2764 941 2822 intra
1006 2783 1179 2823 suum
1231 2764 1494 2823 medium
1559 2765 1664 2839 qui
1728 2766 1818 2822 est
1872 2766 1936 2821 in
1993 2763 2174 2822 abaco
2227 2763 2362 2821 flori

471 2993 497 3040 1
537 2986 726 3042 fuerat
757 2988 834 3043 G:
871 2986 974 3041 -rit
1001 2987 1127 3043 HS.
1157 2989 1176 3057 ΙΙ
1204 2992 1236 3039 2
1276 2985 1611 3041 cauliculos:
1648 2989 1729 3041 sic
1754 3004 1809 3041 x.
1839 2988 1859 3057 ΙΙ
1887 2992 1915 3040 7
1949 2986 2352 3041 catatexitech-

138 3094 176 3109 ..
320 3077 423 3115 nos
453 3059 636 3114 Ptin:
675 3057 1039 3112 catatechnos
1078 3058 1354 3127 (-thecnos
1388 3058 1524 3127 G)oe.
1553 3060 1573 3127 ΙΙ
1602 3063 1665 3111 11
1708 3059 1767 3111 et
1802 3075 1901 3113 om.
1930 3075 1986 3112 x.
2014 3059 2035 3127 ΙΙ
2064 3063 2130 3110 12
2169 3058 2351 3127 operis

272 3163 276 3168 -
319 3148 375 3185 x.
405 3132 424 3201 11
455 3135 520 3184 13
557 3128 829 3183 faciunda
864 3131 1012 3198 (ante
1038 3132 1199 3198 corr.)
1232 3129 1299 3183 G.
1332 3128 1343 3201 Ι
1374 3127 1460 3181 uti
1499 3128 1568 3182 H
1575 3129 1651 3184 G:
1690 3131 1756 3182 ut
1782 3129 1836 3185 S.
1866 3132 1885 3199 n
1915 3134 1977 3182 17
2019 3127 2221 3198 spatia.
2268 3127 2353 3181 ita

321 3200 471 3255 enim
496 3201 840 3256 Oehmichen:
870 3199 1058 3270 spatia
1077 3200 1227 3254 enim
1254 3198 1341 3252 ita
1356 3217 1412 3254 ω.
1441 3202 1460 3268 ΙΙ
1489 3205 1556 3253 18
1575 3198 1790 3254 frontes
1810 3232 1879 3240 —
1899 3202 2010 3269 (19)
2031 3197 2351 3253 latitudinis

319 3289 420 3327 om.
451 3273 494 3328 S
534 3274 650 3343 (sed
693 3272 854 3339 infra
886 3276 952 3327 in
990 3291 1058 3326 m.
1097 3272 1276 3341 suppl.
1315 3271 1411 3341 8²).
1473 3273 1483 3340 Ι
1541 3269 1815 3325 simentur
1848 3289 1889 3326 x
1926 3272 2009 3339 (ut
2038 3288 2096 3339 p.
2128 3272 2222 3337 89,
2238 3273 2313 3339 4).
2335 3272 2353 3341 {l

322 3350 388 3397 19
425 3360 539 3398 non
579 3348 640 3411 (1‘1
680 3343 810 3411 GS)
849 3342 921 3397 ad
959 3342 1134 3396 imum
1171 3344 1252 3413 (Ji
1291 3342 1359 3412 S)
1398 3340 1635 3411 capituli
1670 3360 1725 3397 x.
1754 3344 1773 3412 ΙΙ
1802 3347 1867 3395 21
1906 3342 2131 3411 praeter
2166 3357 2265 3395 om.
2298 3341 2364 3414 G,

259 3426 268 3439 ⁴
318 3434 432 3501 (sed
467 3420 533 3500 ῇῖ
567 3432 748 3501 suppl.
781 3432 891 3500 GC).
927 3434 936 3500 Ι
969 3430 1286 3501 apothesim
1322 3432 1425 3500 (sic
1453 3429 1599 3498 HG,
1636 3429 1747 3484 -sin
1776 3430 1843 3496 S)
1881 3431 1939 3482 et
1974 3428 2139 3481 abaci
2172 3431 2350 3483 astra-

318 3501 512 3572 galum
552 3504 634 3571 (-ι“ι
675 3501 808 3571 GS)
845 3518 920 3557 cr.
955 3521 1012 3557 ω.
1041 3504 1060 3571 ΙΙ
1100 3507 1167 3556 26
1207 3500 1471 3556 coaliculi
1509 3501 1578 3555 H
1583 3501 1639 3568 S,
1676 3500 1901 3555 coliculi
1943 3500 1995 3555 G
2030 3500 2120 3568 (=
2150 3505 2217 3553 26
2256 3516 2349 3554 co·

317 3572 506 3626 liculis
541 3591 599 3640 ω,
634 3580 698 3627 ut
739 3573 898 3640 infra
927 3592 986 3644 p.
1018 3577 1128 3627 173
1163 3581 1214 3628 et
1249 3576 1311 3628 in
1348 3575 1460 3628 cod.
1504 3573 1661 3627 Vwrr.
1702 3590 1746 3626 r.
1777 3574 1861 3641 vn).
1918 3574 1936 3641 ΙΙ
1990 3576 2057 3624 28
2096 3570 2257 3624 flores
2292 3589 2348 3624 ω.
