2664 3927
340 171 471 236 202
1189 171 1517 227 VITRUVII

339 324 586 382 malium
630 326 846 382 natura
882 325 935 383 si
978 324 1263 382 frumenti
1309 324 1506 382 fructu
1550 323 1787 398 privata
1831 324 2015 382 fuerit
2060 324 2362 385 arbustive

341 415 450 471 aut
495 431 668 471 carne
715 415 820 471 aut
855 413 1089 489 piscatu
1135 415 1244 471 aut
1288 412 1473 470 etiam
1518 411 1785 487 qualibet
1830 431 1902 470 ex
1943 413 2062 487 his,
2112 415 2360 490 reliquis

339 501 511 560 rebus
576 519 842 560 escarum
890 496 899 579 Ι
948 501 1168 561 utendo
1232 501 1455 577 poterit
1516 501 1672 559 tueri
1733 501 1947 576 vitam,
2010 501 2136 560 sine
2199 521 2359 579 aqua
2381 511 2470 564 (20)

339 609 478 650 vero
541 608 650 649 nec
714 608 926 666 corpus
989 589 1339 649 animalium
1394 609 1502 649 nec
1558 590 1687 648 ulla
1742 588 1859 648 cibi
1912 589 2104 649 virtus
2157 595 2360 670 potest

338 680 501 738 nasci
555 697 662 738 nec
713 679 872 738 tueri
925 697 1034 738 nec
1086 679 1303 755 parari.
1398 698 1580 754 quare
1631 697 1850 755 magna
1902 679 2215 757 diligentia
2266 683 2357 740 in·
2388 698 2415 739 5

338 769 684 843 dustriaque
742 767 1065 843 quaerendi
1109 770 1249 827 sunt
1294 771 1356 826 et
1400 767 1659 845 eligendi
1703 767 1898 827 fontes
1944 767 2021 826 ad
2063 770 2357 829 humanae

338 856 929 916 vitaesalubritatem.

231 953 309 1007 IV
469 945 856 1020 Expertiones
903 949 1104 1004 autem
1149 948 1210 1004 et
1251 945 1632 1023 probationes
1676 963 1882 1004 eorum
1926 946 2010 1005 sic
2046 948 2185 1006 sunt
2220 966 2356 1023 pro·-

336 1026 659 1116 vildendae.
749 1035 802 1094 si
845 1038 1022 1094 erunt
1063 1035 1425 1110 profluentes
1471 1037 1532 1092 et
1578 1035 1795 1110 aperti,
1851 1038 2173 1112 antequam
2216 1037 2356 1095 duci
2376 1046 2464 1097 (2⁵)

338 1123 728 1199 incipiantur,
783 1125 1149 1200 aspiciantur
1204 1123 1522 1199 animoque
1578 1124 1966 1182 advertantur
2010 1144 2128 1199 qua
2172 1144 2352 1183 mem·
2382 1145 2436 1184 10

336 1211 583 1270 bratura
623 1208 794 1300 {tsint
850 1213 954 1288 qui
1011 1213 1166 1272 circa
1221 1231 1320 1272 eos
1374 1213 1569 1271 fontes
1622 1211 1899 1270 habitant
1945 1213 2238 1288 heminae,
2294 1218 2354 1272 et
2375 1221 2489 1276 205

339 1301 391 1360 si
437 1304 609 1360 erunt
653 1302 994 1378 corporibus
1040 1301 1404 1376 valentibuS,
1462 1301 1755 1360 coloribus
1800 1301 2033 1376 nitidis,
2089 1302 2353 1360 cruribus

337 1409 456 1449 non
508 1391 766 1466 vitiosis,
819 1409 940 1449 non
983 1390 1166 1466 lippis
1213 1391 1425 1465 oculis,
1481 1392 1654 1448 erunt
1698 1389 2117 1465 probatissimi.
2208 1391 2355 1450 item

337 1481 389 1538 si
441 1481 573 1539 fons
619 1498 807 1539 novus
851 1481 1046 1538 fossus
1091 1479 1273 1538 fuerit
1318 1481 1379 1537 et
1435 1478 1500 1536 in
1544 1497 1650 1537 vas
1696 1479 2053 1538 corinthium
2098 1480 2221 1539 sive
2268 1482 2351 1538 al-

334 1570 519 1627 terius
583 1569 813 1644 generis
875 1567 1032 1643 quod
1072 1563 1080 1646 Ι
1124 1568 1237 1627 erit
1290 1587 1361 1626 ex
1416 1587 1547 1626 aere
1600 1567 1755 1627 bono
1812 1585 1881 1626 ea
1936 1588 2091 1646 aqua
2146 1587 2352 1644 sparsa
2364 1579 2487 1632 15(⁵)

333 1657 630 1716 maculam
682 1675 803 1715 non
853 1657 1088 1730 fecerit,
1151 1657 1380 1732 optima
1435 1659 1542 1715 est.
1630 1656 1893 1733 itemque
1947 1657 2010 1716 in
2065 1676 2244 1716 aeneo
2300 1659 2353 1716 si

337 1766 406 1805 ea
461 1765 616 1822 aqua
671 1744 1068 1804 defervefacta
1127 1747 1188 1803 et
1241 1747 1451 1820 postea
1495 1747 1765 1821 requieta
1810 1748 1871 1804 et
1915 1746 2123 1805 defusa
2167 1747 2350 1805 fuerit

334 1855 525 1910 neque
570 1837 633 1892 in
677 1834 807 1894 eius
845 1834 1014 1892 aenei
1048 1834 1232 1893 fundo
1269 1835 1491 1892 harena
1528 1837 1633 1892 aut
1668 1834 1845 1894 limus
1882 1835 2235 1910 invenietur,
2282 1855 2350 1894 ea

265 1935 298 1983 2
337 1943 492 2001 aqua
555 1924 669 1983 erit
720 1925 868 1983 item
920 1923 1188 2000 probata.
1278 1923 1425 1982 item
1480 1923 1531 1983 si
1584 1924 1885 2001 legumina
1939 1925 2003 1983 in
2056 1943 2161 1985 vas
2218 1943 2353 1983 cum

337 2034 406 2072 ea
461 2032 616 2088 aqua
661 2014 926 2072 coniecta
973 2014 1048 2071 ad
1091 2014 1289 2091 ignem
1334 2013 1532 2088 posita
1578 2004 1867 2094 oelessriter
1908 2016 2182 2089 percocta
2226 2015 2511 2077 fue-2⁰00)

333 2104 481 2177 rint,
542 2101 890 2160 indicabunt
952 2121 1170 2177 aquam
1234 2120 1359 2161 esse
1421 2101 1639 2161 bonam
1701 2104 1762 2160 et
1824 2102 2135 2161 salubrem.
2233 2122 2352 2161 non

333 2192 528 2250 minus
584 2191 763 2248 etiam
816 2190 948 2265 ipsa
1003 2209 1159 2266 aqua
1213 2210 1366 2267 quae
1419 2191 1535 2249 erit
1580 2191 1644 2248 in
1687 2191 1853 2250 fonte
1899 2192 1950 2250 si
1993 2192 2175 2249 fuerit
2218 2192 2351 2249 lim-

333 2280 474 2356 pida
512 2282 572 2338 et
607 2279 928 2354 perlucida,
966 2298 1200 2355 quoque
1235 2272 1575 2355 pervenerit
1612 2283 1715 2337 aut
1742 2280 2088 2355 profluxerit
2114 2298 2349 2340 muscus

333 2388 453 2428 non
506 2371 780 2426 nascetur
833 2388 1023 2444 neque
1077 2368 1312 2443 iuncuS‚
1369 2388 1559 2444 neque
1611 2368 1961 2444 inquinatus
2019 2369 2092 2427 ab
2148 2369 2350 2445 aliquo

332 2457 779 2533 inquinamento
823 2457 876 2516 is
922 2458 1088 2516 locus
1134 2457 1317 2515 fuerit
1362 2458 1465 2516 sed
1509 2477 1723 2532 puram
1766 2457 2041 2516 habuerit
2076 2458 2351 2534 speciem,
2379 2480 2433 2519 25

337 2538 346 2629 Ι
377 2546 646 2604 innuitur
695 2546 789 2605 his
845 2547 1030 2622 signis
1078 2564 1202 2605 esse
1246 2548 1443 2606 tenuis
1492 2548 1552 2604 et
1595 2546 1659 2603 in
1704 2564 1933 2605 summa
1979 2546 2348 2605 salubritate.
2368 2558 2459 2609 (15)

254 2641 306 2695 V
464 2635 638 2695 Nunc
683 2635 755 2694 de
799 2635 1282 2711 perductionibus
1329 2634 1406 2694 ad
1449 2634 1849 2695 habitationes
1894 2636 2243 2711 moeniaque
2280 2639 2351 2694 ut

331 2724 460 2783 fieri
505 2727 778 2801 oporteat
822 2724 1142 2801 explicabo.
1217 2724 1385 2783 cuius
1431 2725 1585 2783 ratio
1632 2727 1722 2783 est
1757 2726 1950 2800 prima
1984 2724 2348 2800 perlibratio.

333 2814 586 2873 libratur
641 2817 840 2873 autem
893 2813 1144 2890 dioptris
1193 2816 1297 2872 aut
1342 2813 1509 2871 libris
1556 2812 1818 2889 aquariis
1866 2816 1970 2871 aut
2014 2814 2349 2888 chorobate,

332 2904 435 2962 sed
505 2903 848 2980 diligentius
912 2902 1168 2962 efficitur
1227 2922 1335 2979 per
1398 2901 1783 2976 chorobaten,
1858 2902 2015 2977 quod
2078 2902 2349 2978 dioptrae
2377 2922 2433 2963 so

476 3114 504 3161 1
555 3107 866 3162 arbustive.
923 3107 1213 3161 arbustiuo
1250 3108 1341 3176 H,
1396 3105 1683 3161 arbustino
1723 3105 1859 3160 EG.
1914 3108 1933 3175 ΙΙ
1984 3112 2020 3162 ,4
2067 3104 2180 3159 ciui
2216 3106 2292 3161 H.
2330 3106 2351 3177 Η

332 3183 364 3230 6
403 3177 532 3247 ele(i
560 3178 817 3249 E)gendi
851 3196 907 3232 x
963 3180 983 3248 ΙΙ
1038 3184 1104 3231 14
1143 3178 1192 3260 si
1237 3186 1366 3233 ante
1402 3194 1539 3251 corr.
1579 3194 1677 3232 om
1714 3177 1764 3230 G
1803 3179 1936 3246 (non
1964 3177 2066 3246 Ε).
2114 3179 2123 3247 Ι
2173 3193 2347 3231 novos

331 3256 459 3303 ante
485 3266 621 3305 corr.
643 3250 719 3304 Η
747 3252 768 3320 ΙΙ
797 3254 862 3302 15
889 3249 1066 3318 quod·
1096 3248 1232 3318 quia
1252 3250 1313 3302 Ε
1335 3242 1461 3371 (sed.
1476 3248 1628 3317 quod
1654 3264 1827 3317 supra
1848 3248 1959 3316 ΕΟ).
1989 3249 2009 3317 ΙΙ
2035 3252 2107 3301 20
2133 3247 2351 3302 coiecta

331 3319 408 3372 H.
438 3322 456 3387 ΙΙ
485 3326 549 3373 21
587 3338 701 3375 non
737 3320 911 3374 etiam
946 3319 1131 3373 minus
1165 3322 1269 3389 ω.11
1297 3326 1365 3373 22
1402 3318 1642 3388 limpida
1672 3350 1737 3359 —-
1766 3322 1879 3388 (23)
1905 3318 2231 3387 profluxerit
2266 3321 2350 3400 bis

331 3388 580 3465 deinceps
612 3394 804 3471 posuit
841 3391 907 3444 H
938 3392 1086 3460 (item
1122 3391 1210 3459 L)
1265 3392 1286 3460 ΙΙ
1339 3396 1409 3445 24
1453 3390 1680 3443 iuncum
1724 3392 1837 3460 (-cu
1876 3392 1946 3459 (π’)
1982 3391 2112 3459 513.ss
2166 3394 2232 3442 25
2268 3389 2347 3445 is.

333 3454 422 3507 his
451 3459 523 3511 H
571 3462 590 3527 u
635 3467 700 3513 26
739 3460 1014 3515 innuitur.
1050 3459 1305 3515 inbuitur
1329 3463 1409 3528 H,
1447 3459 1718 3515 imbuitur
1753 3459 1891 3515 EG.
1934 3462 1955 3529 ΙΙ
2000 3465 2067 3513 29
2107 3458 2348 3515 diobtris

334 3536 388 3573 ω.
434 3527 453 3590 1]
497 3532 564 3579 30
602 3529 856 3585 diobtrae
893 3534 972 3605 (-e
1005 3531 1077 3599 G)
1113 3548 1167 3585 τε.
