2664 3927
2118 161 2298 215 XXIII

255 306 400 361 trito
445 306 676 377 pulvere
721 305 886 360 tolles
936 304 1258 360 ictiocollon
1293 321 1349 361 ·1·
1373 324 1420 373 1,
1466 304 1818 359 taurocollon
1852 321 1907 360 -:-
1934 323 1955 357 1
2000 305 2059 359 et
2103 304 2294 359 mittes

257 395 394 432 cum
431 394 596 447 aqua.
653 376 954 431 commixta
985 392 1188 445 coques
1228 378 1286 431 et
1322 377 1457 430 dum
1491 375 1747 430 bullierit
1780 374 1973 430 mittes
2009 375 2297 445 pulverem

256 448 558 503 marmoris
597 449 655 502 et
689 447 865 503 facies
940 447 1098 502 luten
1133 446 1442 502 marmoris.
1515 448 1760 501 Petrae
1797 446 2053 516 gluten.
2126 447 2295 501 Ictio-

257 520 452 575 collon
485 536 542 576 ·÷·
567 538 626 588 11,
674 518 824 574 casei
867 537 907 589 g
930 521 1064 573 uten
1097 538 1154 577 ·÷·
1178 538 1236 574 11.
1294 520 1354 573 et
1388 518 1577 573 mittes
1615 535 1682 573 ex
1718 517 1841 588 ipso
1878 517 2109 588 pulvere
2148 534 2293 572 mar·

203 606 228 645 5
257 591 454 659 morie,
475 591 621 645 sicut
649 589 918 660 superius.
974 589 1175 660 Ligni
1203 593 1396 645 autem
1422 590 1679 659 gluten.
1736 587 2087 643 taurocollon
2118 605 2296 643 semo-

256 662 398 731 tim,
446 660 771 718 ictiocollon
815 661 1072 716 semotim
1117 663 1319 734 glutat.
1396 677 1594 715 aurum
1641 662 1832 715 autem
1878 662 1936 715 et
1982 662 2299 729 argentum,

259 732 416 787 sicut
454 732 708 802 superius
745 732 1037 787 docuimus
1073 734 1135 787 in
1171 733 1459 788 exaurata..

431 808 484 868 9)
536 802 962 874 Compositio
1015 803 1439 859 brondisino.
1534 801 1836 857 aeraminis
1888 805 2081 873 partes
2138 802 2297 871 duas,

256 874 422 944 plum
463 874 487 928 i
521 892 709 944 unam,
748 874 938 945 stagni
974 892 1161 931 unam.

183 962 232 999 10
409 949 521 1016 (10)
559 945 983 1015 Compositio
1030 944 1440 1001 cinnabarin
1486 944 1741 999 alithinis
1787 946 1845 999 et
1890 942 2294 999 mundissimae

261 1034 334 1071 ex
390 1017 614 1099 argenti
659 1015 777 1071 vivi
832 1019 890 1071 et
935 1017 1164 1072 sulfuris
1208 1016 1326 1072 vivi
1371 1015 1536 1070 urina
1579 1016 1791 1070 munda
1840 1018 2059 1085 partem
2106 1031 2293 1083 unam,
2328 1049 2334 1056 -

261 1090 490 1213 {aff
515 1086 2297 1213 X}‘ssffiffuzfimffleipssffifflfflfflamlssssifssffffiffi

262 1232 324 1285 et
362 1229 677 1283 admixtum
714 1176 1105 1301 argento'vilvo
1142 1229 1335 1283 mittes
1372 1227 1432 1281 in
1470 1227 1720 1297 ampulla
1755 1200 1869 1282 non
1904 1229 2075 1298 plena
2110 1227 2296 1282 minus

185 1314 236 1355 15
262 1300 514 1355 habente
559 1300 756 1355 uncias
793 1320 850 1355 11.
925 1301 1075 1370 quod
1122 1301 1171 1355 si
1215 1299 1397 1354 maior
1433 1298 1564 1367 erit,
1612 1301 1671 1353 et
1714 1300 1829 1352 tres
1865 1298 2062 1353 uncias
2113 1298 2299 1352 minus

264 1371 494 1425 habeat.
554 1372 611 1425 et
638 1371 820 1426 mixta·
845 1372 1091 1442 exagita.
1143 1374 1201 1427 et
1228 1371 1405 1425 facies
1433 1370 1720 1425 fornacem
1746 1371 2018 1423 minorem
2035 1368 2296 1437 vitriarii‚

265 1445 333 1496 ut
378 1441 687 1513 ampullam
731 1443 819 1496 lar
859 1459 888 1497 e
935 1443 1149 1513 capiat,
1198 1445 1256 1497 et
1301 1442 1553 1497 dimittes
1609 1440 1796 1495 locum
1840 1440 1989 1494 unde
2048 1439 2300 1509 ampulla

266 1512 645 1583 ingrediatur,
701 1516 760 1568 et
853 1514 1033 1569 ivides
1089 1529 1321 1582 cannas,
1381 1516 1440 1567 et
1492 1512 1625 1567 inde
1679 1510 1943 1566 incendes
1994 1510 2297 1565 fornacem.

267 1584 520 1639 dimittes
567 1586 625 1639 et
678 1585 821 1639 alias
875 1584 1150 1639 fenestras
1205 1585 1475 1654 minores,
1530 1584 1680 1638 unde
1726 1583 1914 1639 exalet
1965 1581 2193 1635 flamma
2239 1581 2301 1635 in

189 1669 240 1708 20
269 1655 507 1710 circuitu
565 1656 862 1726 ampullae.
957 1655 1181 1727 signum
1236 1658 1427 1711 autem
1482 1654 1752 1710 coctionis
1805 1655 1913 1708 hoc
1968 1655 2069 1708 est.
2162 1652 2297 1705 dum

268 1725 477 1781 videris
516 1726 616 1780 ubi
644 1726 826 1780 minus
853 1727 1030 1781 habet
1062 1726 1313 1797 ampulla
1338 1726 1699 1797 porfirizonta
1726 1726 1940 1779 fumum
1970 1726 2027 1779 et
2056 1723 2297 1780 colorem

269 1796 573 1852 facientem
622 1800 688 1851 ut
742 1798 1097 1865 cinnabarin,
1156 1798 1377 1852 desines
1425 1798 1777 1851 succendere.
1859 1795 2061 1850 leviter
2106 1797 2299 1849 autem

272 1870 591 1936 succendes,
629 1885 700 1923 ne
738 1885 807 1923 ex
842 1868 1021 1923 multo
1059 1868 1318 1924 incendio
1360 1868 1611 1938 ampulla
1648 1870 1853 1937 crepet.
1911 1869 1969 1921 et
2006 1866 2139 1920 dum
2174 1882 2301 1936 per-

271 1941 491 1996 coctum
527 1938 714 2007 fuerit,
756 1939 1006 1995 dimittes
1045 1956 1170 1995 eam
1205 1939 1553 2012 refrigidare.
1939 1984 1943 1988 ,

195 2026 245 2066 25
413 2014 525 2082 (11)
562 2011 779 2065 Lulax
823 2011 886 2066 id
923 2014 1010 2066 est
1053 2011 1246 2066 indica
1283 2011 1633 2082 compositio,
1706 2010 1854 2065 latin
1888 2026 1942 2067 ·÷·
1970 2029 2038 2079 11,
2085 2007 2301 2064 vitrioli

413 2248 440 2295 1
491 2241 632 2296 tritfi
685 2241 1020 2324 pulver6(-1·e
1058 2243 1125 2313 S)
1163 2241 1281 2298 LS.
1344 2245 1352 2312 Ι
1409 2241 1767 2311 yctio(yccio-
1812 2240 2069 2312 S)collon
2114 2240 2169 2315 L
2181 2240 2234 2295 S
2282 2239 2303 2312 ΙΙ

272 2319 303 2366 3
331 2312 474 2367 facis
505 2313 571 2367 L.
607 2314 616 2383 Ι
647 2313 980 2368 Lithocolla.
1035 2314 1179 2368 Item
1209 2312 1324 2367 alia
1354 2314 1495 2368 Exc.
1524 2315 1543 2382 ΙΙ
1570 2318 1601 2366 5
1633 2312 1815 2383 Ligna
1834 2311 1949 2367 LS.
1985 2310 1993 2383 Ι
2024 2311 2203 2382 glut}
2230 2311 2303 2379 L,

270 2384 460 2453 glutat
487 2384 545 2452 S,
579 2385 679 2438 ubi
712 2385 852 2439 Exc.
916 2384 1081 2456 Ligni
1119 2387 1311 2439 autem
1346 2384 1544 2454 gluten
1572 2383 1802 2456 <glutat
1836 2384 1914 2438 sic
1950 2384 2079 2438 add.
2111 2400 2249 2439 corr.

271 2456 340 2523 cf.
375 2456 703 2525 xylocollam
737 2455 924 2511 Diosc.
979 2457 998 2526 ΙΙ
1053 2462 1084 2508 6
1122 2456 1438 2527 gluten(-en
1473 2457 1537 2509 in
1570 2457 1719 2525 raa).
1785 2471 1981 2508 aurum
2026 2456 2214 2508 autem

272 2527 390 2594 (ubi
432 2527 622 2596 glutat
660 2527 844 2596 Ecca),
901 2525 1101 2581 Glutat
1145 2533 1218 2581 au
1271 2532 1412 2581 aurii
1450 2526 1503 2581 S.
1569 2528 1587 2595 ΙΙ
1649 2543 1694 2580 c.
1734 2529 1771 2580 9
1799 2552 1866 2571 =
1897 2525 2037 2580 Eme.
2075 2527 2115 2593 f.
2153 2527 2246 2580 22.
2282 2523 2304 2597 ΙΙ

273 2602 305 2650 8
340 2596 667 2651 brondisino
704 2598 785 2664 L,
828 2613 989 2651 -sono
1027 2597 1071 2652 S
1100 2595 1401 2666 (brundisii
1438 2597 1618 2666 Esca).
1674 2599 1693 2667 ΙΙ
1748 2602 1779 2650 9
1816 2595 2037 2666 plumbi
2074 2612 2187 2649 una
2236 2608 2281 2656 ·1·

189 2684 193 2690 ·
275 2667 462 2737 stagni
499 2685 613 2722 una
639 2668 693 2722 L
731 2671 801 2739 (et
835 2670 954 2724 sine
981 2687 1042 2738 p.
1073 2669 1155 2737 S).
1184 2671 1203 2738 ΙΙ
1231 2687 1273 2724 c.
1301 2673 1461 2724 10=
1482 2669 1622 2722 Eoec.
1661 2670 1703 2735 f.
1732 2671 1824 2722 22.
1854 2669 1873 2736 ΙΙ
1902 2672 1969 2720 10
2006 2666 2299 2740 ἀληθινῆεΙ

273 2773 636 2844 mundissime
692 2775 822 2831 ιε,
885 2774 1082 2828 mundi
1137 2791 1329 2844 spuma
1387 2792 1438 2830 a.
1492 2791 1546 2828 v.
1603 2774 1744 2828 Exn.
1808 2776 1827 2842 ιι
1894 2779 1954 2826 11
2010 2743 2131 2827 ..131
2168 2773 2236 2826 L.
2287 2771 2299 2845 Ι

275 2845 358 2899 sul
397 2845 552 2899 huris
581 2846 636 2903 S.
669 2849 678 2916 Ι
709 2846 874 2901 urina
909 2845 1121 2899 munda
1147 2863 1248 2900 om.
1277 2847 1419 2901 Exc.
1454 2847 1463 2914 Ι
1493 2847 1655 2915 parte
1686 2860 1801 2897 una
1829 2843 1882 2899 S.
1930 2845 1949 2913 ΙΙ
1997 2849 2061 2896 12
2090 2842 2301 2897 tollens

275 2864 395 2972 133)
409 2917 566 2986 (tolle
595 2918 772 2987 Esca).
827 2920 846 2988 ΙΙ
903 2922 969 2970 13
1007 2917 1105 2985 qui
1143 2916 1188 2970 δε
1223 2919 1302 2972 sic
1329 2917 1439 2972 LS
1471 2915 1627 2987 (quia
1664 2917 1721 2969 et
1763 2913 1915 2969 calor
1952 2915 2038 2969 est
2067 2915 2244 2983 Ecca).

277 2987 486 3052 sufferit
520 2988 600 3056 L,
656 2989 756 3043 -rit
799 2995 926 3044 ante
971 3005 1109 3043 corr.
1149 2989 1302 3058 (-ret)
1342 2988 1394 3042 S.
1454 2992 1464 3056 Ι
1525 2987 1745 3042 sulfhur
1780 2987 1861 3055 L,
1916 2985 2149 3057 sulphur
2185 2985 2240 3042 S.
2279 2986 2287 3059 Ι

280 3083 342 3130 14
376 3066 507 3133 νίὶίὸ
543 3078 611 3133 L.
665 3079 673 3149 Ι
721 3076 902 3131 mittis
940 3076 1057 3133 LS.
1110 3078 1119 3146 Ι
1169 3075 1399 3146 ampula
1435 3076 1504 3132 L.
1557 3078 1564 3147 Ι
1615 3074 1866 3146 ampulla
1900 3079 1939 3129 fi
2013 3074 2165 3129 lenv⁸
2192 3074 2245 3129 S.
2296 3075 2305 3148 Ι

280 3154 340 3202 15
375 3163 431 3203 -ῑ-
456 3169 500 3202 11
526 3148 645 3205 LS.
687 3153 697 3218 Ι
737 3151 852 3203 tres
889 3164 944 3205 ·÷·
972 3147 1088 3204 LS.
1137 3149 1156 3218 ΙΙ
1210 3153 1273 3200 17
1316 3146 1555 3200 dimittis
1585 3147 1703 3202 LS.
1757 3147 1763 3218 Ι
1816 3163 1983 3215 ampu
2030 3146 2205 3214 am(-a
2232 3145 2277 3200 S

283 3219 382 3274 LS
412 3221 515 3290 (·la
551 3221 732 3289 Essa).
787 3221 806 3290 ΙΙ
862 3224 929 3273 18
969 3218 1198 3273 devides
1237 3225 1365 3273 ante
1401 3235 1535 3274 corr.
1567 3220 1635 3274 L.
1692 3220 1710 3288 ΙΙ
1767 3222 1833 3271 19
1872 3216 2136 3270 demittes
2175 3215 2243 3269 L.
2287 3215 2297 3290 Ι

285 3289 500 3345 flamina
545 3292 598 3346 S.
655 3293 674 3361 ΙΙ
727 3297 794 3344 21
843 3288 1088 3344 calorem
1134 3290 1251 3344 LS.
1307 3292 1326 3360 ΙΙ
1381 3295 1447 3342 22
1495 3288 1705 3343 desinis
1744 3290 1796 3344 S.
1854 3291 1873 3358 ΙΙ
1926 3293 1992 3340 23
2048 3286 2299 3360 ampulle

283 3363 466 3429 crepat
501 3362 618 3417 LS.
649 3364 668 3431 ΙΙ
695 3379 740 3418 c.
769 3366 839 3416 11
877 3364 1123 3431 sequitur
1159 3364 1324 3417 etiam
1361 3364 1425 3415 in
1451 3362 1591 3416 Eme.
1630 3362 1671 3427 f.
1702 3363 1799 3416 22¹²
1836 3358 2113 3428 quomodo
2153 3374 2299 3412 com-

283 3432 706 3571 }onpturjulfflt
741 3431 794 3557 iL.
818 3431 1026 3486 indicfi.
1069 3435 1086 3501 ΙΙ
1129 3438 1196 3486 25
1234 3431 1433 3486 Ludax
1469 3432 1521 3487 S.
1566 3434 1573 3501 Ι
1613 3430 1800 3485 indico
1840 3430 1884 3485 S
1914 3436 1965 3484 et
2000 3436 2127 3484 ante
2162 3435 2299 3485 corr.

335 3544 344 3555 .
434 3519 581 3557 1ar1n
653 3521 705 3559 w
798 3546 808 3556 .
