2664 3927
376 134 504 224 306
1030 159 1105 214 M.
1144 159 1307 213 cETI
1344 158 1746 213 FAVENTINI

375 303 704 373 Anowymns
757 302 961 356 codicis
1016 301 1409 357 Scletstatensis
1453 304 1542 371 (=
1589 302 1942 383 Vindobon.)·
1997 317 2194 356 ornare
2247 304 2432 357 codd.

376 375 467 442 (cf.
506 391 555 428 v.
596 375 630 426 l.
661 391 722 442 Ρ.
761 373 1033 442 229,17).
1098 375 1118 441 ΙΙ
1179 376 1213 425 8
1260 371 1575 442 quibusque
1614 415 1626 426 .
1660 416 1714 426 ..
1755 370 2013 427 aedificio
2053 374 2127 439 fr.
2176 373 2351 427 Vind.
2407 374 2436 445 Π

377 449 445 498 20
492 441 906 498 ordinationem
950 441 1112 496 taxin
1162 445 1261 511 (sic
1296 460 1407 512 pro
1455 461 1522 498 ac
1566 445 1741 512 codd)
1800 443 2226 513 dispositionem
2287 444 2430 498 dia-

374 515 607 569 thesin.
685 513 1069 568 ,eurithmian
1126 515 1223 583 sic)
1258 517 1482 583 sor-ipsit
1519 518 1701 569 Anon.
1731 513 1777 569 S
1807 516 1896 583 (esc
1931 514 2106 582 Vitr..)

520 591 640 655 286,
640 558 697 640 9
737 585 1087 655 septentrion
1147 601 1236 638 em
1272 587 1392 655 (sic)
1429 602 1499 640 ex
1537 586 1782 640 Vitruvii
1817 587 1898 655 (Ρ.
1926 587 2094 654 25,1)
2131 587 2434 640 codicibus

378 661 609 714 lacunae
644 658 875 712 induxit
899 655 1083 711 Anon-
1114 655 1159 711 S
1190 657 1354 722 (sicut
1387 674 1424 727 9
1425 658 1486 726 ο).
1551 657 1746 712 delevit
1780 658 1922 712 idem
1957 673 2026 712 ex
2061 657 2242 712 eodem
2283 657 2436 711 sub-

378 729 635 784 solanum
684 727 988 782 Faventini
1042 729 1113 797 (et
1164 729 1547 782 recentiorum.
1603 729 1702 797 qai
1754 734 1831 782 est
1884 729 2208 795 ἀπηλιώτης
2249 729 2429 782 Plin.

375 803 603 869 2,119).
660 801 678 867 ΙΙ
736 802 801 851 10
840 796 1155 868 androgeus
1192 800 1281 865 (eae
1320 798 1551 868 Veryilii
1583 801 1893 868 memorial)
1929 798 2249 867 cyrenensis
2291 816 2432 854 cum

377 873 530 928 codd.
568 872 732 924 etiam
766 869 950 923 Anon
982 869 1025 922 S
1057 869 1205 936 (item
1239 870 1434 939 infra).
1473 871 1492 939 ss
1537 874 1602 922 13
1642 868 1890 939 scalptas
1929 870 2098 938 (Vitr.
2122 888 2182 939 Ρ.
2211 874 2310 937 25,
2331 872 2428 939 8)=

378 941 629 1010 sculptas
676 941 828 995 codd.
881 939 888 1010 Ι
940 955 1068 992 suos
1115 955 1366 1008 quosque
1414 939 1596 995 Anon.
1637 939 1700 995 S:
1757 957 1888 995 suos
1936 940 2208 1009 cuiusque
2252 943 2426 996 codd.

377 1015 561 1083 (etiam
609 1012 850 1066 Vitravii
878 1027 937 1080 Ρ.
975 1013 1068 1076 25,
1097 1014 1170 1080 6).
1244 1012 1314 1077 cf.
1364 1011 1694 1066 Lachmann
1741 1013 1831 1066 ad.
1870 1011 2088 1066 Lucret
2140 1012 2248 1082 (II,
2277 1015 2425 1080 371)

370 1101 430 1153 Ρ.
462 1087 548 1136 94.
604 1085 624 1152 ss
678 1087 745 1136 26
784 1080 1025 1165 exempli
1070 1082 1161 1150 (cf.
1182 1098 1241 1151 Ρ.
1269 1085 1545 1152 288,16);
1591 1082 1791 1152 templi
1835 1084 1986 1138 codd
2033 1083 2132 1137 nbi
2175 1086 2258 1137 sic
2306 1099 2424 1137 sna

380 1157 693 1210 coniectwra
734 1153 956 1222 scripsit
998 1151 1181 1207 Anon.
1220 1152 1265 1207 S
1305 1153 1378 1206 ad
1425 1153 1682 1224 exemplu
1735 1152 2008 1224 androgei
2063 1153 2421 1221 cyrenensis.

382 1222 559 1280 simili
593 1223 760 1278 modo
798 1239 968 1292 supra
1004 1225 1176 1294 caput
1210 1229 1303 1278 etc.

522 1300 644 1362 287,
672 1301 707 1348 4
754 1293 922 1349 Cuius
975 1295 1111 1363 (scil.
1158 1296 1358 1364 aquae)
1407 1294 1455 1348 si
1501 1293 1571 1364 (si
1617 1313 1716 1352 om.
1763 1298 1820 1366 9)
1865 1294 2000 1349 talis
2053 1295 2182 1366 (-les
2234 1297 2426 1364 codd.)

382 1366 547 1437 copia
591 1369 704 1436 (-ae
739 1368 817 1436 9⁰)
860 1382 975 1420 non
1021 1364 1129 1418 erit
1174 1367 1359 1433 (erunt
1402 1367 1486 1422 vel
1523 1383 1584 1420 er
1617 1369 1795 1436 codd.)
1831 1369 1997 1422 etiam
2032 1366 2219 1421 Anon.
2251 1367 2300 1421 S
2337 1371 2428 1435 (at
2525 1419 2540 1427 ,

380 1440 572 1508 codd..)
647 1436 849 1506 quodsi
896 1453 997 1492 scr.
1036 1437 1248 1491 Krohn.
1304 1440 1325 1506 ΙΙ
1379 1441 1410 1490 9
1448 1436 1656 1493 latebit
1699 1438 1903 1508 (Anon.
1933 1437 2026 1506 S).
2073 1437 2302 1491 latebat
2339 1457 2376 1494 v
2377 1455 2430 1507 Ρ

381 1510 584 1578 (lateat
618 1526 685 1564 ex
712 1526 807 1563 em.
835 1512 906 1579 9).
960 1511 968 1577 Ι
1010 1513 1076 1561 21
1113 1507 1327 1562 harena
1356 1509 1720 1648 ca)rbunculo:
1759 1510 1827 1576 cf.
1857 1510 1933 1563 ad
1971 1509 2108 1563 Vitr.
2132 1525 2193 1578 Ρ.
2225 1512 2368 1575 186,
2387 1515 2426 1564 7

383 1582 619 1652 (harena
656 1578 868 1634 carbun
964 1595 999 1632 a
1032 1580 1114 1633 sic
1150 1578 1410 1634 Anon.S

524 1655 647 1718 288,
667 1655 699 1703 8
738 1649 851 1704 8110
870 1595 980 1704 chic
1012 1650 1167 1704 codd.
1214 1651 1233 1718 ΙΙ
1279 1654 1344 1702 12
1377 1583 1486 1719 Ρ)1·ο
1519 1653 1699 1706 verbis
1732 1650 1926 1704 lucens
1973 1649 2147 1703 fuerit
2179 1649 2428 1704 inventa

382 1727 462 1779 sic
506 1724 675 1792 ponit
726 1723 870 1790 (caan
924 1721 1095 1789 Pan.)
1148 1723 1410 1789 epitomae
1463 1723 1824 1792 interpolatae
1877 1723 2081 1790 (praef.
2139 1722 2220 1775 ed.
2279 1725 2420 1776 mai.

376 1813 436 1865 Ρ
474 1796 594 1876 111)
641 1793 816 1848 editor
862 1794 1016 1862 (saec.
1057 1793 1213 1860 XII)
1266 1793 1451 1848 tracto
1509 1793 1583 1847 ad
1629 1809 1689 1847 se
1743 1792 1975 1847 humore
2022 1791 2278 1846 extincta
2337 1791 2422 1845 in-

389 1863 651 1920 veniatur
684 1865 824 1934 (cod.
854 1864 1039 1917 Laud.
1068 1866 1214 1932 403).

527 1939 736 2003 289,13
772 1933 1035 1989 miscebis
1073 1933 1293 2002 (misces
1328 1937 1391 2002 x)
1431 1937 1489 1989 et
1524 1933 1929 1989 insuavitatem
1966 1936 2062 2015 (ad
2089 1951 2150 2004 Ρ.
2184 1939 2322 2003 211,
2341 1938 2422 1991 20

386 2009 456 2075 οἷ.
487 2024 548 2075 Ρ.
580 1979 710 2074 186,
726 2010 767 2061 2
800 2005 1003 2061 limosa
1049 2008 1108 2061 et
1149 2004 1419 2074 insuavis)
1458 2006 1675 2075 saporis
1721 2005 1992 2061 mutabit:
2041 2004 2322 2060 immittes
2363 2009 2426 2061 et

388 2076 492 2151 <in
526 2094 701 2145 supra
736 2078 865 2132 add.
894 2080 997 2147 1”Ρ8.
1004 2077 1041 2149 >
1081 2076 1363 2132 suavitate
1402 2093 1599 2147 sapore
1635 2076 1884 2131 mutabit
1911 2077 2094 2132 Δηοη.
2125 2077 2170 2133 S
2202 2079 2326 2145 (ubi
2363 2082 2426 2132 et

386 2146 672 2204 suavitate
708 2163 773 2201 sa
812 2162 934 2201 ores
970 2148 1218 2202 mutabit
1251 2166 1312 2215 v,
1361 2150 1419 2202 et
1465 2148 1747 2203 suavitate
1794 2164 1992 2217 sapore
2029 2147 2249 2201 sutabit
2274 2150 2362 2217 Ρ)
2399 2150 2420 2221 ΙΙ

393 2224 602 2274 14-19
623 2218 746 2287 (sed
799 2217 909 2272 ’cet
935 2250 1006 2259 —
1032 2218 1227 2289 facies)
1253 2227 1389 2274 nota
1415 2222 1658 2275 auctoris
1683 2222 2024 2288 respicientis
2053 2220 2192 2274 Vitr.
2205 2237 2269 2288 Ρ.
2289 2225 2422 2288 163,

390 2296 599 2346 14.18.
672 2291 743 2357 cf.
780 2292 945 2344 etiam
980 2307 1042 2359 Ρ.
1078 2294 1209 2359 295,
1206 2222 1299 2345 >21
1339 2308 1462 2345 cum
1508 2291 1722 2359 Vitr.p
1727 2295 1856 2359 .‚41
1875 2294 1926 2345 9.
2002 2292 2260 2345 auctores
2295 2294 2336 2345 i.
2377 2310 2416 2346 e.

398 2363 687 2418 Vitruvius
732 2363 817 2431 (nt
843 2378 905 2429 Ρ.
941 2364 1277 2430 287,1-2).
1332 2364 1354 2431 ΙΙ
1409 2367 1475 2415 16
1521 2360 1785 2429 inpensas
1822 2362 2008 2417 Anon.
2044 2360 2108 2416 S.
2165 2361 2422 2430 &pensas

390 2434 525 2503 (scil.
573 2434 866 2501 expensas)
911 2434 1063 2487 codd.
1120 2435 1139 2502 ΙΙ
1194 2438 1259 2487 21
1305 2431 1528 2487 lubrica
1563 2440 1744 2487 Δηοη.
1781 2432 1826 2489 S
1865 2433 2038 2502 (Ma-r.
2075 2450 2104 2487 e
2148 2432 2271 2487 Vat.
2308 2451 2418 2505 req.

392 2505 591 2571 1286).
637 2502 865 2557 rubrica
908 2502 1147 2573 (rubica)
1192 2504 1346 2559 codd.
1394 2506 1485 2573 (cf.
1532 2504 1599 2559 de
1643 2504 1765 2559 (1.1.
1807 2502 2081 2558 Goliam!
2104 2506 2223 2573 prs.
2251 2504 2364 2572 24)
2401 2505 2422 2575 'J

392 2580 460 2629 33
490 2573 707 2643 optima
734 2576 793 2628 et
817 2592 900 2644 pr.
929 2577 1114 2630 Anon.
1143 2574 1188 2630 S
1198 2576 1394 2655 (υηῑρο
1421 2573 1634 2656 optime
1659 2577 1781 2644 pr..)
1811 2577 1832 2645 ΙΙ
1857 2580 1925 2628 37
1953 2574 2415 2656 inquinamentis,

390 2646 587 2715 Ignem
611 2644 829 2700 monita
857 2647 958 2727 (sic
977 2663 1029 2714 v,
1056 2644 1496 2728 inquinamentis
1520 2644 1748 2727 ignem]
1769 2644 2044 2700 monitam
2069 2664 2124 2716 9,
2151 2645 2187 2701 i.
2207 2644 2415 2715 ignem.

390 2734 506 2771 non
542 2716 626 2771 ita
644 2719 727 2798 Ρ),
762 2718 909 2771 unde
935 2715 1350 2786 inquinamenti
1387 2715 1565 2786 signis
1591 2718 1871 2771 mumtam
1897 2718 2080 2772 Anon.
2111 2716 2166 2773 S.
2195 2748 2265 2757 -
2291 2735 2416 2773 mox

394 2787 740 2859 significabit
774 2805 898 2843 cwm
932 2790 1086 2844 codd.
1124 2789 1281 2843 idem.

570 2864 692 2928 290,
711 2865 747 2913 4
781 2858 935 2913 tubis
972 2859 1066 2913 vel
1102 2858 1395 2913 canalibus
1438 2858 1672 2929 ligneis:
1717 2860 1798 2914 sic
1832 2859 1905 2927 (et
1930 2875 1990 2939 Ρ.
2018 2860 2270 2928 294,12)
2303 2861 2420 2928 ipse

394 2932 619 2986 addidit
647 2931 993 2985 Faventinus
1020 2932 1239 3001 (exquo
1266 2931 1449 2998 Pall..)
1513 2932 1658 2985 ande
1685 2932 1866 2999 inepte
1891 2927 2142 2999 quinque
2167 2938 2420 2985 numemt

394 3002 579 3057 Anon.
608 3001 653 3057 S
676 3004 805 3071 (pro
841 3002 1018 3057 tribus
1056 3002 1343 3071 Vitr.).115
1382 3000 1606 3054 ducitur
1641 3002 1792 3057 codd.
1831 3002 1988 3069 (corr.
2019 3000 2104 3071 S).
2133 3002 2212 3071 {18
2251 3000 2418 3056 fuerit

400 3072 545 3141 pede
582 3074 663 3142 (et
699 3072 767 3142 S)
805 3072 972 3127 semis
1017 3071 1210 3127 intra.
1288 3074 1449 3141 ‚(sic)
1495 3073 1648 3127 codd.
1685 3074 1776 3141 (cf.
1813 3072 1890 3125 ad
1914 3089 1977 3141 Ρ.
2007 3076 2144 3139 207,
2159 3074 2220 3140 2)
2257 3073 2420 3141 (pede

398 3142 564 3197 semis
602 3150 730 3213 post
774 3145 1007 3199 alteram
1052 3114 1255 3199 fuerit
1266 3161 1316 3198 v.
1362 3148 1394 3196 9
1437 3145 1630 3211 poswit
1679 3143 1831 3198 Mar.
1885 3159 2006 3197 cum
2055 3142 2357 3213 Palladio).

402 3219 468 3268 16
520 3214 729 3268 librate
780 3216 946 3284 (cfip
950 3219 1124 3281 .,208
1143 3219 1231 3269 16.
1251 3218 1346 3269 22.
1381 3217 1514 3282 209,
1528 3218 1584 3269 2.
1604 3215 1722 3283 19).
1776 3212 1958 3268 librae
2003 3232 2036 3269 v
2111 3212 2417 3285 11110118),

396 3284 541 3339 libre
569 3302 632 3355 Ρ.
686 3287 706 3354 ΙΙ
759 3291 829 3339 24
878 3286 952 3339 ad
996 3285 1287 3367 (palmum)
1331 3284 1515 3340 Anon.
1547 3284 1592 3340 S
1631 3276 1829 3354 (palmi
1866 3302 1930 3353 sp
1932 3283 2049 3339 atio
2141 3286 2235 3339 all.
2236 3288 2284 3355 ):
2329 3286 2418 3341 vel

298 3380 302 3384 ·
399 3357 553 3409 codd
592 3357 810 3423 (deinde
844 3355 1198 3437 ingrediatur
1226 3357 1309 3425 S).
1339 3358 1359 3425 ΙΙ
1387 3360 1455 3411 28
1493 3354 1669 3410 etiam
1703 3354 1882 3410 multo
1891 3303 2089 3424 p(Vitr.
2111 3372 2172 3424 Ρ.
2191 3359 2323 3424 210,
2341 3362 2416 3426 4):

401 3424 552 3478 enim
585 3443 804 3507 muscos
840 3430 992 3483 codd.
1030 3426 1201 3496 (enim
1235 3444 1460 3481 muscus
1487 3444 1589 3483 rec.
1619 3430 1855 3508 interp)
1891 3428 2038 3481 unde
2071 3427 2214 3481 male
2250 3428 2418 3495 effecit

402 3493 583 3548 Anon.
615 3496 658 3549 S
694 3496 843 3551 enim
879 3515 1011 3552 usus
1050 3498 1393 3568 (tubulorum
1429 3515 1464 3552 a
1498 3497 1718 3568 plumbi
1751 3496 1990 3553 materia
2024 3496 2172 3567 inv..)
