2664 3927
261 1249 316 1304 H

245 2846 324 2901 111

336 113 424 178 36
1180 113 1512 168 VITRUVII

471 263 645 322 Nunc
689 266 958 322 revertar
1002 263 1079 322 ad
1123 263 1496 339 propositum
1541 267 1602 323 et
1644 265 1718 323 de
1765 265 1949 340 copiis
1986 284 2140 340 quae
2179 268 2359 341 aptae

341 345 350 435 Ι
377 356 517 412 sunt
553 352 956 412 aedificiorum
990 351 1471 428 perfectionibus,
1508 353 2004 428 quemadmodum
2039 353 2359 413 videantur
2376 365 2443 416 (5)

339 460 466 500 esse
530 441 605 500 ab
668 443 889 500 natura
942 460 1141 499 rerum
1193 444 1539 517 procreatae
1588 442 1919 518 quibusque
1972 441 2357 502 mixtionibus

337 529 766 606 principiorum
811 547 1156 607 congressus
1201 532 1623 605 temperentur,
1668 550 1741 589 ne
1788 531 2035 590 obscura
2081 532 2183 590 sed
2226 550 2361 607 per·

339 619 544 694 spicua
587 618 926 696 legentibus
971 617 1092 677 sint
1135 618 1551 678 ratiocinabor.
1642 637 1898 695 namque
1953 620 2123 678 nulla
2170 622 2355 678 mate-
2386 639 2413 679 5

338 708 564 765 riarum
608 725 828 784 genera
871 726 1062 782 neque
1109 725 1359 782 corpora
1401 726 1597 783 neque
1640 726 1735 768 res
1771 708 1897 766 sine
1932 707 2360 784 principiorum

341 799 517 856 coetu
561 787 744 876 nalsci
788 813 978 870 neque
1025 795 1213 855 subici
1258 795 1589 855 intellectui
1633 799 1899 872 possunt,
1941 815 2137 872 neque
2183 797 2361 856 aliter
2379 807 2469 859 (1⁰)

338 887 557 944 natura
601 903 801 942 rerum
844 884 1176 984 praeceptis
1220 884 1604 960 physicorum
1647 903 1817 944 veras
1869 885 2101 960 patitur
2141 885 2358 944 habere

341 973 784 1049 explicationes,
829 972 948 1031 nisi
992 991 1203 1032 causae
1251 991 1405 1048 quae
1449 974 1655 1032 insunt
1695 973 1759 1031 in
1803 972 1895 1032 his
1941 972 2115 1033 rebus
2159 993 2359 1049 quem-

341 1061 661 1121 admodum
715 1065 777 1120 et
832 1061 975 1136 quid
1028 1061 1117 1120 ita
1172 1061 1293 1121 sint
1350 1061 1665 1121 subtilibus
1717 1061 2047 1121 rationibus
2099 1063 2359 1121 habeant
2388 1083 2443 1122 10

344 1150 890 1210 demonstrationes.

480 1231 728 1320 {Tnales
783 1239 1041 1315 primum
1096 1257 1318 1314 aquam
1361 1239 1601 1314 putavit
1659 1238 1921 1298 omnium
1976 1258 2180 1298 rerum
2234 1257 2359 1298 esse
2382 1249 2472 1300 (1⁵

341 1328 715 1403 principium.
788 1328 1127 1387 Heraclitus
1163 1328 1475 1403 Ephesius,
1522 1326 1623 1403 qui
1658 1330 1906 1405 propter
1941 1327 2362 1387 obscuritatem

344 1417 700 1492 scriptorum
736 1435 773 1475 a
811 1415 1050 1475 Graecis
1089 1432 1405 1474 εκοτεινοε
1444 1420 1535 1474 est
1572 1417 1927 1492 appellatus,
1960 1416 2175 1493 ignem.
2245 1417 2360 1474 De-

342 1505 627 1564 mocritus
681 1503 906 1580 quique
963 1507 1054 1562 est
1099 1523 1233 1562 eum
1279 1507 1511 1564 secutus
1557 1505 1852 1581 Epicurus
1899 1507 2155 1579 atom08,
2211 1524 2361 1580 quas
2390 1524 2445 1565 15

342 1594 534 1653 nostri
577 1591 925 1651 insecabilia
965 1611 1229 1667 corpora,
1273 1593 1545 1652 nonnulli
1589 1593 1899 1653 individua
1935 1593 2361 1654 vocitaverunt.

343 1673 877 1763 Pythalgoreorum
910 1699 1051 1740 vero
1091 1680 1405 1756 disciplina
1445 1680 1663 1742 adiecit
1700 1682 1776 1741 ad
1812 1701 2033 1758 aquam
2070 1686 2131 1741 et
2164 1682 2365 1760 ignem
2384 1692 2475 1745 (20)

347 1788 485 1829 aera
541 1772 602 1828 et
653 1772 970 1828 terrenum.
1064 1788 1202 1847 ergo
1248 1769 1620 1830 Democritus
1667 1771 1777 1830 etsi
1823 1789 1943 1830 non
1987 1771 2224 1847 proprie
2270 1790 2364 1830 res

345 1858 680 1918 nominavit
732 1857 837 1916 sed
887 1861 1128 1918 tantum
1179 1857 1489 1918 individua
1542 1878 1789 1936 corpora
1840 1859 2176 1937 proposuit,
2229 1860 2364 1919 ideo

348 1967 418 2007 ea
471 1947 606 2024 ipsa
659 1947 875 2007 dixisse
920 1946 1156 2007 videtur
1201 1948 1361 2024 quod
1414 1968 1487 2007 ea
1541 1968 1677 2007 cum
1730 1948 1851 2008 sint
1904 1947 2199 2008 disiuncta
2252 1968 2361 2008 nec
2390 1969 2446 2009 so

345 2037 670 2096 laeduntur
712 2055 820 2105 nec
863 2036 1266 2096 interitionem
1311 2036 1607 2113 recipiunt
1650 2056 1757 2097 nec
1802 2037 2159 2098 sectionibus
2216 2037 2364 2098 divi-

349 2126 570 2185 duntur
598 2125 701 2184 sed
739 2120 748 2204 Ι
789 2124 1146 2201 sempiterno
1177 2144 1322 2185 aevo
1355 2127 1641 2201 perpetuo
1676 2125 1974 2186 infinitam
2007 2127 2268 2185 retinent
2300 2126 2366 2184 in
2385 2136 2479 2187 (25)

348 2233 410 2274 se
457 2213 838 2274 soliditatem.
923 2232 994 2271 ex
1037 2213 1129 2272 his
1177 2232 1316 2291 ergo
1354 2214 1817 2291 congruentibus
1864 2234 1999 2273 cum
2034 2233 2128 2273 res
2166 2233 2366 2275 omnes

349 2303 506 2363 coire
543 2302 824 2378 nascique
851 2302 1168 2361 videantur
1201 2304 1272 2360 ut
1307 2321 1412 2361 eae
1449 2303 1515 2361 in
1546 2302 1794 2362 infinitis
1832 2302 2144 2380 generibus
2170 2323 2368 2362 rerum

349 2395 568 2452 natura
614 2393 811 2451 essent
855 2390 1222 2467 disparatae,
1274 2391 1488 2467 putavi
1534 2395 1804 2467 oportere
1860 2392 1932 2450 de
1976 2391 2368 2451 varietatibus
2397 2413 2454 2454 25

351 2484 413 2539 et
457 2479 896 2539 discriminibus
937 2497 1082 2538 usus
1121 2498 1326 2538 earum
1362 2496 1629 2556 quasque
1665 2480 1951 2540 haberent
1985 2480 2049 2538 in
2086 2479 2367 2540 aedificiis

351 2569 674 2646 qualitates
721 2570 1027 2645 exponere,
1069 2564 1077 2647 Ι
1117 2568 1209 2627 uti
1254 2587 1393 2627 cum
1435 2568 1659 2627 fuerint
1701 2572 1897 2644 notae,
1941 2588 2064 2628 non
2106 2569 2370 2628 habeant
2388 2580 2483 2636 (ao)

351 2659 454 2735 qui
491 2657 801 2718 aedificare
839 2658 1108 2735 cogitant
1153 2675 1427 2733 errorem,
1472 2657 1577 2717 sed
1622 2661 1793 2734 aptas
1837 2657 1917 2716 ad
1950 2676 2123 2716 usum
2168 2657 2369 2733 copias

351 2747 634 2807 aedificiis
682 2749 1040 2822 comparent.

481 2836 699 2912 Itaque
751 2835 1014 2910 primum
1066 2835 1138 2893 de
1192 2834 1510 2911 lateribuS,
1568 2853 1690 2911 qua
1746 2834 1817 2893 de
1870 2838 2031 2893 terra
2086 2834 2223 2893 duci
2269 2852 2370 2894 eos
2398 2860 2457 2901 30

497 3080 528 3129 2
568 3052 681 3129 sint
709 3074 786 3128 H.
827 3075 921 3143 114
957 3090 1027 3127 ne
1060 3075 1135 3130 G.
1177 3074 1380 3129 necH
1409 3077 1499 3143 (cf.
1530 3074 2373 3155 p.180,9)‚n(non)S.1sed

359 3147 426 3199 ut
457 3165 511 3216 p.
541 3146 595 3202 S
624 3147 644 3217 ΙΙ
674 3150 739 3198 12
772 3144 938 3199 Tales
975 3162 1029 3199 x.
1059 3147 1173 3215 1114
1212 3145 1455 3201 scotinos
1491 3148 1688 3215 &1115
1727 3163 1933 3215 quique
1960 3146 2111 3201 HG·
2151 3161 2372 3227 quoque

355 3218 539 3287 S(G⁶.)
586 3218 594 3286 Ι
640 3232 780 3285 quos
815 3233 870 3271 ω.
917 3216 938 3285 11
983 3220 1048 3269 17
1085 3216 1314 3287 pythari
1350 3233 1542 3272 eorum
1567 3216 1658 3283 H,
1701 3215 2040 3287 pythareoru
2070 3218 2141 3285 G,
2181 3215 2375 3286 phita-

357 3303 592 3357 goi-eoru
619 3287 666 3343 S
695 3286 1132 3357 (pythagoreoru
1162 3288 1274 3359 Gc.)
1316 3290 1337 3359 ΙΙ
1378 3293 1444 3342 18
1475 3302 1607 3342 aera
1636 3287 1714 3343 G.
1752 3304 1917 3343 aerea
1945 3287 2071 3343 HS.
2108 3290 2128 3357 11
2164 3292 2232 3341 20
2268 3302 2375 3342 nec

357 3392 620 3463 leguntur
648 3394 793 3464 HG,
827 3392 1202 3464 negleguntur
1229 3394 1415 3465 S(G⁶).
1444 3395 1463 3464 ΙΙ
1490 3398 1558 3447 24
1595 3394 1660 3448 ut
1696 3410 1821 3450 θαθ.
1858 3396 1918 3450 et
1946 3410 2087 3462 καθ
2116 3393 2206 3463 H,
2242 3392 2375 3468 ethe

363 3462 434 3531 G,
469 3463 516 3517 a
550 3464 622 3539 he
651 3465 704 3521 S.
741 3466 762 3535 ΙΙ
798 3470 866 3520 29
903 3467 1236 3536 copararent
1261 3465 1316 3521 S.
