2664 3927
873 181 968 235 DE
1004 181 1563 237 ARCHITECTURA
1600 182 1731 237 LIB.
1771 181 1837 251 X,
1876 188 1906 236 2
2269 180 2399 244 245

388 333 504 394 duo
560 335 758 408 capita
818 332 938 390 sint
998 332 1158 392 funis
1214 352 1348 392 cum
1404 335 1515 392 erit
1571 336 1842 392 extensus
1855 377 1871 407 ,
1933 332 2133 408 ibique
2198 350 2398 390 secun·

387 423 529 482 dum
571 422 912 481 inferiorem
954 423 1240 480 trocleam
1284 423 1567 482 resticula
1613 421 1975 481 circumdata
2021 424 2082 479 et
2126 423 2401 479 contexta

386 515 677 588 utraeque
729 512 930 587 partes
975 509 1133 569 funis
1181 511 1582 586 continentur,
1635 515 1705 570 ut
1748 529 1938 586 neque
1982 504 2089 588 <in
2134 509 2401 568 dextram

308 611 368 663 (5)
387 595 619 678 neque>
645 601 709 658 in
737 599 1040 659 sinistram
1066 602 1299 675 partem
1339 595 1348 680 Ι
1388 601 1620 676 possint
1642 600 1895 676 prodire.
1959 598 2169 657 deinde
2201 599 2401 673 capita

309 708 334 748 5
386 690 545 749 funis
599 686 935 747 referuntur
984 688 1050 745 in
1103 706 1334 748 summa
1386 691 1611 749 troclea
1664 688 1740 746 ab
1795 687 2081 747 exteriore
2125 689 2297 763 parte
2342 690 2402 745 et

387 778 726 837 deiciuntur
779 779 934 836 circa
988 776 1281 836 orbiculos
1335 776 1485 837 imos
1536 781 1597 836 et
1639 777 1889 836 redeunt
1934 776 2011 835 ad
2053 775 2240 834 imum
2286 775 2401 833 coi-

387 866 739 942 ciunturque
784 865 1020 924 infimae
1064 867 1322 925 trocleae
1368 867 1442 926 ad
1481 866 1771 926 orbiculos
1810 886 1881 924 ex
1916 864 2195 924 interiore
2232 867 2403 940 parte

389 959 450 1014 et
501 955 840 1014 referuntur
892 953 1097 1013 dextra
1153 975 1220 1015 ac
1274 955 1517 1014 sinistra
1572 958 1632 1014 et
1685 954 1763 1013 ad
1815 957 2000 1030 caput
2049 953 2204 1012 circa
2249 953 2402 1012 orbi-

284 1053 372 1104 (10)
391 1045 553 1102 culos
600 1062 857 1102 summos
892 1044 1157 1102 redeunt.
1228 1044 1469 1104 traiecti
1504 1047 1703 1102 autem
1743 1035 1751 1122 Ι
1793 1042 1866 1101 ab
1906 1043 2196 1102 exteriore
2231 1045 2402 1118 parte

310 1151 363 1190 ιο
388 1133 662 1191 feruntur
720 1133 927 1191 dextra
987 1151 1055 1190 ac
1115 1133 1357 1192 sinistra
1414 1135 1768 1208 tympanum
1820 1133 1883 1189 in
1937 1150 2043 1190 axe
2088 1131 2291 1207 ibique
2336 1135 2405 1190 ut

387 1222 671 1302 haereant
729 1221 1124 1298 conligantur.
1213 1224 1343 1280 tum
1398 1224 1599 1280 autem
1643 1222 1798 1280 circa
1839 1223 2195 1296 tympanum
2238 1219 2404 1280 invo-

387 1311 551 1369 lutus
607 1311 762 1369 alter
811 1310 970 1368 funis
1025 1310 1280 1369 refertur
1335 1311 1423 1369 ad
1456 1312 1751 1387 ergatam‚
1811 1310 1871 1366 et
1915 1309 1965 1367 is
2013 1309 2403 1369 circumactus

386 1402 739 1475 tympanum
794 1402 855 1458 et
907 1416 1076 1457 axem
1406 1418 1468 1458 se
1519 1396 1875 1458 involvendo
1929 1398 2155 1473 pariter
2208 1400 2405 1456 exten-

390 1488 554 1562 dunt,
615 1492 675 1547 et
731 1489 820 1546 ita
877 1487 1094 1546 leniter
1148 1489 1355 1547 levant
1408 1507 1587 1546 onera
1642 1487 1766 1547 sine
1820 1487 2101 1562 periculo.
2194 1486 2403 1561 quodsi

309 1594 359 1634 15
391 1569 398 1659 Ι
430 1577 620 1636 maius
676 1580 1033 1653 tympanum
1087 1577 1460 1636 conlocatum
1513 1580 1620 1635 aut
1673 1577 1737 1637 in
1781 1575 1975 1634 medio
2023 1577 2130 1633 aut
2173 1575 2237 1632 in
2281 1593 2404 1632 una

386 1668 558 1742 parte
614 1668 876 1724 extrema
934 1665 1117 1723 fuerit
1171 1666 1296 1724 sine
1353 1669 1582 1742 ergata,
1638 1665 1932 1724 calcantes
1986 1663 2253 1723 homines
2310 1683 2404 1722 ex-

385 1755 707 1831 peditiores
751 1754 968 1812 habere
1013 1757 1295 1829 poterunt
1343 1755 1535 1830 operis
1582 1755 1840 1813 effectus.

519 1843 631 1901 Est
685 1846 884 1902 autem
928 1841 1091 1900 aliud
1136 1861 1319 1920 genus
1367 1842 1672 1901 machinae
1719 1843 1863 1901 satis
1912 1841 2301 1900 artificiosum
2345 1843 2406 1899 et

390 1931 464 1989 ad
508 1949 682 1990 usum
727 1931 1046 1991 celeritatis
1084 1931 1441 2009 expeditum,
1487 1930 1589 1991 sed
1622 1931 1688 1990 in
1725 1950 1792 1990 eo
1830 1931 1971 1990 dare
2009 1946 2250 2006 operam
2286 1948 2405 1989 non

309 2037 362 2075 20
394 2012 402 2101 Ι
433 2023 684 2095 possunt
733 2020 852 2080 nisi
903 2020 1097 2095 periti.
1189 2024 1280 2080 est
1334 2022 1492 2079 enim
1543 2021 1776 2099 tignum
1833 2020 1990 2097 quod
2045 2018 2296 2095 erigitur
2345 2022 2406 2077 et

388 2108 705 2168 distinetur
765 2108 1107 2169 retinaculis
1172 2110 1616 2185 quadrifariam.
1710 2108 1816 2169 sub
1872 2108 2215 2167 retinaculis
2273 2109 2404 2167 che-

386 2198 550 2256 lonia
597 2199 712 2256 duo
755 2198 1044 2275 figunt-ur,
1094 2198 1318 2257 troclea
1362 2200 1605 2258 funibus
1652 2217 1831 2274 supra
1877 2197 2147 2257 chelonia
2190 2196 2404 2273 religa—

386 2290 512 2361 tur,
575 2287 683 2345 sub
745 2288 969 2347 troclea
1029 2289 1237 2365 regula
1289 2288 1471 2364 longa
1526 2287 1758 2347 circiter
1809 2285 1989 2363 pedes
2043 2286 2216 2360 duos,
2278 2286 2405 2343 lata

387 2376 608 2453 digitos
664 2394 790 2450 sex,
845 2394 1042 2435 crassa
1097 2378 1385 2452 quattuor
1439 2376 1806 2452 supponitur.
1896 2374 2155 2433 trocleae
2203 2376 2402 2433 ternos

307 2480 360 2520 25
387 2464 621 2523 ordines
677 2464 1074 2524 orbiculorum
1123 2465 1187 2523 in
1237 2459 1246 2543 Ι
1294 2465 1616 2523 latitudine
1667 2464 1955 2523 habentes
2005 2464 2401 2523 conlocantur.
2450 2463 2461 2472 '

385 2554 474 2612 ita
536 2556 657 2612 tres
717 2552 973 2612 ductarii
1023 2554 1193 2613 funes
1246 2554 1310 2611 in
1363 2548 1676 2631 (summa)
1733 2553 2005 2612 machina
2059 2552 2403 2629 religantur.

248 2644 366 2701 249
387 2642 598 2701 deinde
644 2643 978 2701 referuntur
1019 2642 1094 2700 ad
1129 2643 1311 2700 imam
1348 2643 1634 2701 trocleam
1670 2645 1731 2701 et
1770 2637 1779 2722 Ι
1819 2641 2175 2701 traiciuntur
2211 2659 2280 2699 ex
2314 2641 2403 2698 in-

385 2732 604 2789 teriore
638 2733 810 2806 parte
846 2750 955 2806 per
990 2732 1114 2790 eius
1150 2729 1445 2790 orbiculos
1482 2750 1758 2791 summos.
1822 2728 2032 2789 deinde
2067 2730 2405 2789 referuntur

530 2977 560 3023 2
600 2973 864 3025 contenta
897 2988 950 3025 x.
981 2972 1000 3039 ΙΙ
1029 2975 1060 3022 3
1097 2969 1159 3023 in
1194 2969 1453 3025 dextram
1486 2986 1666 3039 neque
1703 2987 1803 3025 om.
1832 2988 1887 3026 ω.
1925 2973 1944 3041 ΙΙ
1981 2976 2013 3024 6
2051 2969 2405 3025 coniciuntur

387 3044 512 3112 (hic)
541 3042 656 3097 HS
679 3040 842 3111 (coic-
873 3042 960 3108 G).
990 3044 1008 3111 ΙΙ
1039 3047 1067 3095 7
1097 3041 1171 3094 ad
1199 3040 1479 3096 orbiculos
1516 3040 1788 3096 exteriore
1823 3045 1985 3111 parte
2014 3042 2067 3097 S.
2095 3042 2115 3110 ΙΙ
2144 3047 2175 3095 8
2205 3042 2405 3095 dextra

386 3113 616 3167 sinistra
651 3112 726 3166 ad
762 3114 932 3195 caput
965 3129 1019 3167 x.
1059 3115 1146 3236 ΙΙΙ-(ἱ)
1115 3112 1446 3166 9exteriori
1485 3112 1553 3168 G.
1590 3115 1609 3182 ΙΙ
1647 3117 1713 3166 10
1749 3126 1817 3166 ac
1852 3130 1953 3168 om
1990 3130 2048 3167 x.
2083 3115 2103 3181 ΙΙ
2141 3118 2202 3165 11
2243 3112 2401 3166 inuo-

382 3182 560 3238 luitur
584 3184 638 3240 S
667 3187 686 3253 ΙΙ
715 3189 780 3237 12
817 3201 867 3237 is
898 3182 1037 3239 GS0.
1137 3201 1164 3237 s
1194 3182 1362 3256 HS!
1395 3182 1545 3237 circu
1582 3186 1779 3238 auctus
1814 3200 1870 3239 x.
1906 3187 1925 3253 ΙΙ
1962 3188 2029 3236 13
2065 3186 2107 3237 t.
2147 3185 2205 3236 et
2240 3199 2401 3237 axem

387 3271 446 3309 se
495 3254 829 3310 involvendo
919 3253 1090 3309 ariter
1138 3183 1448 3309 extendunt
1496 3256 1615 3336 (sic)
1650 3272 1691 3310 x
1739 3257 1875 3325 (sine
1921 3256 2059 3323 lae).
2133 3255 2202 3320 cf.
2242 3254 2401 3322 (Joc.)

385 3326 534 3381 Mar.
564 3328 583 3395 ΙΙ
612 3330 676 3379 16
716 3273 942 3395 expediit
915 3328 1064 3381 tores
1100 3342 1154 3380 ω.
1185 3326 1202 3395 ΙΙ
1233 3330 1297 3378 17
1336 3327 1547 3395 potent
1570 3328 1675 3396 015.ss
1704 3332 1767 3379 21
1808 3324 2148 3379 distenditur
2172 3342 2213 3379 x
2240 3326 2399 3448 Ισονν.

384 3396 540 3466 Joc..)
573 3400 582 3466 Ι
616 3396 717 3450 sub
754 3396 1064 3451 retinaculo
1099 3395 1317 3451 celonia
1343 3413 1397 3451 ω.
1426 3397 1447 3467 ΙΙ
1474 3401 1541 3449 22
1568 3396 1781 3451 troclea
1806 3395 1956 3449 funis
1986 3410 2155 3465 supra
2183 3411 2243 3449 ce
2270 3411 2401 3449 oma

383 3484 439 3520 ω.
469 3469 487 3535 ΙΙ
515 3472 582 3519 23
609 3466 827 3523 troclea
850 3468 1082 3539 aregula
1108 3485 1164 3522 x.
1193 3470 1212 3537 ΙΙ
1240 3472 1308 3520 24
1337 3486 1454 3521 ..1111
1486 3468 1553 3523 G.
1583 3470 1602 3537 ΙΙ
1629 3474 1697 3521 26
1728 3486 1820 3521 ιιι.
1854 3467 1919 3522 G.
1953 3469 1962 3534 1
1996 3483 2212 3519 summa
2239 3467 2399 3536 (Joc.)

385 3538 647 3607 Bywater
683 3540 770 3606 (cf.
802 3540 1008 3594 Heron.
1037 3540 1197 3596 mech.
1226 3539 1423 3594 Journ.
1452 3540 1550 3593 Ae.
1582 3542 1729 3593 1893
1764 3539 1850 3607 ΙΙ,
1876 3539 2033 3607 4850:
2072 3555 2172 3593 om.
2210 3556 2265 3594 x.
