2664 3927
350 174 484 240 250
1195 171 1526 227 VITRUVII

350 343 498 385 onus
543 325 727 384 vectis
773 325 948 383 ferrei
993 325 1223 402 lingula
1268 322 1536 382 subiecta
1578 322 1761 381 fuerit
1796 341 1987 398 neque
2022 320 2147 381 eius
2186 326 2375 399 caput

348 414 651 490 pressione
695 414 760 472 in
804 415 991 471 imum
1036 413 1137 471 sed
1185 411 1463 471 adversus
1508 412 1572 469 in
1620 411 1996 470 altitudinem
2032 412 2373 487 extolletur,

349 503 579 580 lingula
622 501 781 561 fulta
825 502 888 560 in
924 519 1095 560 areae
1132 501 1257 560 solo
1293 500 1535 559 habebit
1574 499 1584 574 Ι
1625 518 1757 559 eam
1790 519 1899 576 pro
1936 519 2131 574 onere,
2175 501 2373 560 oneris
2392 513 2486 565 (ιο)

349 595 552 650 autem
603 589 792 667 ipsius
847 591 1133 668 angulum
1185 607 1295 665 pro
1349 588 1667 665 pressione.
1757 589 1844 647 ita
1890 607 2009 647 non
2050 591 2179 647 tam
2223 590 2373 648 faci-

349 681 489 739 liter
543 697 721 756 quam
764 697 872 755 per
916 679 1357 754 oppressionem
1402 678 1503 737 sed
1550 677 1831 736 adversus
1876 677 2260 737 nihilominus
2306 677 2373 736 id
2402 698 2431 739 5

348 769 579 845 pondus
625 767 819 826 oneris
866 768 979 826 erit
1024 767 1362 826 excitatum.
1434 765 1623 843 igitur
1658 765 1711 824 si
1744 766 1879 841 plus
1915 767 2145 844 lingula
2181 767 2370 826 vectis

349 875 530 934 supra
573 856 1034 932 hypomochlion
1077 855 1276 932 posita
1311 855 1421 914 sub
1458 873 1605 914 onus
1643 854 1890 914 subierit
1926 857 1988 914 et
2024 858 2205 931 caput
2242 856 2369 915 eius

348 946 595 1022 propius
660 947 928 1004 centrum
987 945 1318 1020 pressiones
1386 943 1685 1018 habuerit,
1749 962 1868 1003 non
1922 935 2164 1026 pote1rit
2216 961 2365 1003 onus
2386 955 2485 1007 (15)

349 1035 596 1107 elevare,
640 1033 756 1092 nisi
802 1034 1296 1109 quemadmodum
1342 1052 1523 1109 supra
1560 1033 1846 1108 scriptum
1882 1035 1974 1091 est
2009 1033 2370 1091 examinatio

348 1123 532 1182 vectis
576 1122 966 1199 longitudinis
1010 1141 1117 1198 per
1159 1122 1372 1198 capitis
1419 1122 1796 1180 deductiones
1842 1121 2023 1180 fuerit
2066 1121 2243 1180 facta.
2398 1143 2455 1182 ιο

274 1227 312 1275 4
481 1211 552 1269 Id
590 1214 790 1270 autem
827 1229 897 1269 ex
933 1210 1194 1286 trutinis,
1241 1229 1393 1286 quae
1432 1213 1689 1269 staterae
1725 1210 2019 1286 dicuntur,
2052 1210 2195 1269 licet
2232 1227 2369 1269 con-

349 1299 624 1360 siderare.
732 1318 865 1358 cum
937 1300 1095 1358 enim
1167 1317 1309 1358 ansa
1372 1299 1616 1374 propius
1678 1301 1859 1374 caput
1920 1298 2073 1357 unde
2130 1299 2372 1358 lancula

345 1389 580 1466 pendet,
621 1380 632 1469 Ι
671 1388 757 1446 ibi
801 1391 870 1446 ut
914 1391 1182 1447 centrum
1226 1391 1318 1446 est
1363 1388 1671 1446 conlocata
1708 1389 1768 1446 et
1806 1386 2269 1463 aequipondium
2304 1388 2371 1446 in
2390 1399 2479 1451 (20)

347 1479 600 1538 alteram
652 1480 886 1553 partem
941 1477 1130 1552 scapi,
1193 1495 1300 1552 per
1354 1479 1575 1551 puncta
1629 1476 1901 1554 vagando
1959 1496 2075 1552 quo
2131 1477 2367 1554 longius

347 1569 454 1626 aut
507 1566 691 1625 etiam
737 1566 814 1623 ad
858 1567 1184 1624 extremum
1227 1565 1595 1640 perducitur,
1648 1565 1827 1640 paulo
1874 1568 1935 1624 et
1978 1566 2175 1641 inpari
2219 1583 2367 1640 pon·
2399 1587 2453 1626 15

345 1655 482 1714 dere
558 1654 986 1730 amplissimam
1058 1654 1404 1729 pensionem
1473 1672 1679 1730 parem
1741 1653 1972 1729 perficit
2033 1673 2141 1730 per
2202 1655 2369 1729 scapi

345 1743 725 1802 librationem
788 1742 1164 1801 examinatio.
1255 1742 1345 1801 ita
1406 1743 1642 1820 longius
1706 1742 1782 1800 ab
1836 1745 2037 1802 centro
2091 1742 2367 1802 recedens

343 1832 676 1891 inbecillior
738 1831 1122 1907 aequipondii
1171 1826 1179 1910 Ι
1228 1830 1489 1890 brevitas
1552 1832 1839 1890 maiorem
1898 1832 2024 1890 vim
2084 1831 2364 1907 ponderis
2386 1843 2475 1893 (25)

343 1924 642 1981 momento
680 1920 968 1981 deducens
1007 1921 1131 1981 sine
1167 1921 1543 1980 vehementia
1578 1921 1840 1980 molliter
1876 1919 1951 1980 ab
1983 1921 2103 1979 imo
2133 1939 2368 1981 sursum

271 2025 308 2075 5
345 2028 584 2069 versum
655 2010 856 2086 egredi
919 2011 1106 2088 cogit,
1172 2002 1684 2092 quemladmodum
1748 2011 1930 2068 etiam
1992 2011 2162 2069 navis
2228 2028 2364 2068 one·
2386 2020 2505 2076 254

341 2099 536 2157 rariae
581 2092 872 2156 maximae
910 2098 1274 2175 gubernator
1319 2118 1527 2158 ansam
1563 2097 1948 2176 gubernaculi
1981 2101 2207 2173 tenenS,
2256 2098 2361 2174 qui
2394 2122 2446 2162 ει

344 2187 482 2246 οιαξ
539 2205 576 2244 a
623 2184 862 2244 Graecis
918 2187 1286 2263 appellatur,
1338 2207 1459 2246 una
1503 2207 1685 2245 manu
1729 2190 2029 2247 momento
2072 2206 2182 2263 per
2227 2206 2359 2246 cen-

343 2278 504 2335 trum
556 2274 955 2350 pressionibus
1009 2275 1241 2334 ratione
1297 2277 1443 2335 artis
1499 2277 1733 2353 agitans
1746 2322 1762 2351 ,
1816 2279 2015 2335 versat
2060 2294 2194 2335 eam
2238 2294 2363 2334 am·

341 2364 627 2440 plissimis
682 2365 744 2422 et
795 2363 1130 2423 inmanibus
1185 2364 1395 2423 mercis
1451 2367 1514 2423 et
1564 2383 1751 2440 penus
1805 2356 2179 2446 ponlderibus
2226 2383 2363 2424 oue·
2384 2377 2447 2428 (5)

342 2455 554 2511 ratam.
645 2453 886 2527 eiusque
940 2453 1074 2511 vela
1129 2471 1263 2511 cum
1317 2456 1460 2512 sunt
1512 2473 1619 2529 per
1673 2453 2051 2512 altitudinem
2104 2454 2365 2512 mediam
2392 2476 2447 2517 25

341 2540 489 2599 mali
534 2541 878 2617 pendentia,
932 2559 1052 2600 non
1095 2544 1294 2617 potest
1338 2541 1553 2601 habere
1599 2543 1768 2601 navis
1814 2543 2065 2601 celerem
2108 2561 2362 2617 cursum,

486 2752 514 2800 1
553 2746 747 2802 ferreis
776 2746 821 2802 S
851 2753 902 2802 et
937 2747 1084 2815 (ante
1119 2749 1278 2815 corr.)
1311 2746 1377 2801 (τ’.
1407 2748 1426 2816 ΙΙ
1453 2752 1484 2799 2
1524 2744 1814 2801 extollitur
1848 2764 1903 2801 x.
1932 2748 1951 2816 ΙΙ
1978 2751 2011 2799 5
2047 2746 2133 2801 id:
2170 2745 2232 2800 in
2258 2763 2314 2801 x.
2344 2746 2365 2819 u

341 2824 375 2871 6
413 2818 780 2873 exercitatum
813 2835 870 2872 ω.
915 2820 935 2887 ΙΙ
980 2823 1010 2871 ’1
1048 2816 1409 2885 hypomoclifi
1444 2835 1499 2872 ω.
1546 2820 1565 2887 ΙΙ
1610 2822 1642 2871 8
1678 2816 1908 2887 propius
1940 2817 2064 2873 GS:
2101 2816 2362 2887 proprius

343 2888 420 2944 H.
467 2891 486 2958 ΙΙ
532 2894 563 2942 9
600 2886 942 2942 exanimatio
981 2887 1058 2943 H.
1113 2890 1133 2957 ΙΙ
1188 2892 1255 2941 10
1290 2904 1394 2957 per
1429 2890 1601 2958 caput
1634 2904 1815 2957 neque
1854 2887 2212 2942 ductionibus
2249 2906 2305 2943 x.
2342 2888 2364 2960 Η

343 2965 410 3013 12
439 2958 667 3013 lancula
694 2958 780 3013 H:
808 2958 1113 3013 lanuncula
1141 2958 1198 3026 S,
1225 2958 1444 3028 lingula
1464 2961 1529 3013 G.
1558 2963 1577 3027 11
1607 2965 1672 3012 13
1701 2958 1807 3015 ibi:
1836 2958 1936 3013 ubi
1962 2977 2017 3013 x.
2046 2961 2066 3029 ΙΙ
2097 2966 2163 3013 15
2190 2958 2363 3028 paulo

341 3031 468 3099 &(et
509 3030 640 3099 G)ia
693 3028 818 3099 pari
853 3048 909 3085 oe.
971 3032 991 3099 ΙΙ
1056 3034 1122 3083 16
1168 3047 1221 3099 p.
1277 3032 1438 3099 parte
1491 3028 1691 3100 perfe(i
1728 3029 1882 3099 G)cit
1923 3048 1979 3085 x.
2043 3032 2062 3099 ΙΙ
2127 3035 2191 3083 17
2231 3030 2267 3084 l.
2316 3030 2365 3084 δι

339 3099 683 3156 examinatio
720 3099 944 3169 longius
983 3101 1248 3155 abcentro
1286 3100 1567 3156 recedens.
1632 3101 1716 3154 ita
1751 3100 1889 3170 in(m
1918 3100 2363 3171 SG⁶)becilliora

341 3174 394 3243 e(
459 3169 889 3241 GS)quipondii
919 3187 974 3225 ω.
1005 3173 1022 3241 ΙΙ
1052 3176 1118 3224 19
1157 3170 1347 3225 abimo
1385 3176 1545 3225 sursfi
1577 3172 1628 3227 θ
1658 3173 1813 3240 (susfi
1845 3172 1963 3241 60:
2000 3170 2219 3226 abimos
2256 3178 2364 3226 ussi

341 3190 468 3298 HQS.
497 3244 516 3312 ΙΙ
544 3248 612 3296 20
642 3241 795 3313 cogit
820 3240 1085 3295 futurum.
1145 3240 1206 3306 Q.
1238 3244 1356 3323 (sic)
1384 3260 1439 3296 ω.
1473 3254 1481 3308 Ι
1511 3242 1673 3297 navis
1702 3243 1875 3297 11602
1903 3259 2076 3297 naves
2105 3242 2359 3315 H⁰SG.'!

339 3312 563 3367 onerari
599 3314 745 3381 (ante
779 3314 940 3381 corr.)
979 3313 1046 3367 G.
1087 3314 1107 3381 ΙΙ
1148 3317 1213 3365 21
1253 3312 1716 3383 qumoxagraccis
1744 3313 1825 3379 H,
1861 3313 1959 3382 qui
1993 3330 2145 3368 noxa
2179 3313 2362 3383 grecis

345 3384 416 3448 G,
452 3382 550 3451 qui
583 3400 694 3437 nox
731 3382 946 3455 agrecis
985 3382 1030 3438 S
1061 3386 1193 3455 (que
1228 3400 1341 3439 nox
1379 3384 1594 3455 agrecis
1637 3385 1745 3451 6⁷⁰).
1802 3387 1821 3453 ss
1876 3390 1943 3437 23
1979 3384 2361 3453 pressionibus

343 3451 585 3530 ratione:
622 3453 840 3508 ratione
917 3455 1066 3523 re(ae
1093 3454 1164 3507 H
1167 3454 1469 3524 )ssionibus
1500 3474 1557 3511 ω.
1594 3458 1613 3525 ΙΙ
1648 3460 1717 3508 24
1744 3455 1909 3525 pinus
1935 3473 1991 3511 x.
2020 3458 2040 3525 ΙΙ
2067 3460 2135 3508 25
2172 3455 2364 3510 medifi.

347 3520 424 3570 ah
459 3522 540 3587 H,
575 3523 762 3577 media
796 3524 936 3579 mai
975 3524 1092 3581 GS.
