2664 3927
206 1043 271 1092 16

208 2288 271 2335 17

313 166 440 230 196
1156 163 1487 219 VITRUvn

307 336 416 394 per
454 311 462 394 Ι
501 316 836 375 maleficum
878 334 1087 376 sucum
1130 316 1322 373 terrae
1367 316 1773 390 percurrentia
1815 317 2113 391 recipiunt
2154 317 2221 374 in
2266 335 2329 375 se
2350 327 2440 379 (²⁰)

307 407 433 465 vim
472 401 481 484 Ι
517 408 898 481 venenatam,
959 405 1054 462 uti
1114 404 1296 463 fuisse
1362 403 1582 463 dieitur
1633 403 1983 463 Terracinae
2036 407 2169 464 fons
2226 407 2470 480 (1111199

305 494 635 556 vocabatur
667 494 1024 570 Neptunius,
1069 512 1140 551 ex
1175 510 1293 568 quo
1329 495 1435 568 qui
1470 492 1743 551 biberant
1778 493 2161 569 inprudentes
2196 495 2329 554 vita

308 583 716 660 privabantur.
790 584 1155 658 quapropter
1189 583 1423 656 antiqui
1460 601 1597 640 eum
1634 581 1997 642 obstruxisse
2032 583 2327 642 dicuntur.

309 676 370 731 et
415 671 664 732 Chrobsi
703 671 956 730 Thracia
1000 671 1185 746 lacus,
1231 690 1304 729 ex
1351 689 1471 745 quo
1516 690 1639 730 non
1680 673 1875 732 solum
1918 673 2027 747 qui
2070 672 2330 732 biberint
2357 694 2383 734 5

307 762 641 820 moriuntur
701 761 806 819 sed
854 755 864 838 Ι
913 761 1096 818 etiam
1159 761 1264 836 qui
1323 760 1596 820 laverint.
1686 761 1833 819 item
1894 761 1959 819 in
2022 761 2329 820 Thessalia
2356 774 2418 825 (5)

305 852 439 908 fons
495 852 586 908 est
637 849 932 925 profluens
945 894 962 922 ,
1016 868 1086 906 ex
1143 866 1260 924 quo
1303 849 1470 908 fonte
1515 867 1622 907 nee
1664 867 1845 925 pecus
1890 850 2081 908 ullum
2125 853 2330 927 gustat

308 957 414 997 nee
476 938 800 997 bestiarum
862 957 1046 1014 genus
1117 939 1307 996 ullum
1367 939 1613 1014 propius
1686 938 1937 1011 aceedit,
2004 938 2081 997 ad
2152 959 2331 1016 quem

309 1028 536 1086 fontem
589 1029 854 1102 proxime
909 1030 1000 1085 est
1053 1027 1227 1087 arbor
1279 1027 1493 1086 florens
1542 1045 1843 1102 purpureo
1896 1028 2109 1087 colore.
2208 1047 2329 1088 non

307 1118 502 1178 minus
573 1117 638 1174 in
698 1116 1045 1175 Macedonia
1117 1134 1236 1191 quo
1308 1116 1427 1174 loci
1498 1115 1762 1190 sepultus
1836 1119 1933 1174 est
1994 1116 2329 1191 Euripides,
2358 1140 2411 1177 ιο

309 1206 515 1264 dextra
569 1223 638 1263 ae
691 1207 956 1264 sinistra„
984 1206 1354 1263 monumenti
1402 1203 1779 1264 advenientes
1821 1199 1829 1281 Ι
1870 1205 1987 1263 duo
2030 1207 2147 1264 rivi
2192 1217 2438 1269 oon-(10)

309 1296 552 1352 currunt
593 1295 658 1352 in
702 1314 905 1368 unum,
949 1313 980 1352 e
1028 1293 1240 1370 quibus
1287 1294 1364 1351 ad
1398 1313 1589 1351 unum
1625 1293 2034 1353 accumbentes
2068 1296 2328 1355 viatores
2386 1308 2395 1314 ·

305 1384 637 1460 pransitare
674 1384 869 1444 solent
900 1386 1145 1458 propter
1180 1401 1373 1457 aquae
1409 1381 1753 1458 bonitatem,
1790 1383 1867 1440 ad
1898 1384 2099 1442 rivum
2130 1386 2330 1442 autem

309 1474 414 1548 qui
476 1475 567 1531 est
629 1491 700 1531 ex
763 1473 952 1530 altera
1012 1474 1184 1547 parte
1237 1472 1606 1530 monumenti
1660 1491 1833 1530 nemo
1890 1472 2117 1530 accedit
2170 1473 2329 1548 quod

307 1562 675 1620 mortiferam
737 1580 956 1636 aquam
1015 1561 1238 1618 dicitur
1288 1560 1521 1619 habere.
1610 1561 1758 1619 item
1811 1563 1902 1618 est
1953 1561 2018 1618 in
2070 1561 2329 1619 Arcadia
2356 1581 2410 1622 15

307 1650 596 1709 Nonacris
642 1651 949 1708 nominate.
991 1652 1185 1708 terrae
1230 1651 1427 1726 regie,
1482 1669 1633 1725 quae
1676 1649 1860 1708 habet
1902 1651 1967 1707 in
2010 1641 2325 1730 montiflbus
2344 1662 2436 1712 (1⁵)

309 1758 381 1797 ex
425 1757 566 1798 saxo
611 1739 908 1798 stillantes
952 1738 1369 1815 frigidissimos
1414 1757 1664 1798 umores,
1734 1739 1885 1797 haee
1926 1742 2127 1797 autem
2172 1756 2329 1814 aqua

311 1823 547 1898 Ετυγο(
602 1828 775 1901 υδωρ
829 1829 1194 1902 nominatur,
1257 1847 1437 1903 quam
1489 1846 1679 1902 neque
1734 1830 2085 1904 argenteum
2136 1846 2328 1903 neque

309 1933 558 1975 aeneum
611 1935 718 1976 nec
772 1916 1029 1977 ferreum
1085 1934 1190 1976 vas
1243 1918 1445 1993 potest
1488 1917 1805 1991 sustinere,
1837 1916 1960 1975 sed
2006 1916 2225 1976 dissilit
2268 1919 2332 1976 et

310 2005 652 2080 dissipatur.
725 2024 1068 2064 conservare
1115 2010 1313 2065 autem
1361 2026 1493 2064 eam
1536 2008 1597 2064 et
1642 2007 1942 2065 continere
1977 2006 2127 2065 nihil
2166 2006 2333 2066 aliud
2360 2029 2415 2067 20

307 2096 508 2169 potest
550 2095 668 2153 nisi
710 2094 940 2152 mulina.
981 2096 1226 2171 ungula,
1274 2114 1392 2171 qua.
1428 2096 1611 2154 etiam
1646 2098 2007 2153 memoratur
2044 2095 2118 2153 ab
2154 2096 2329 2154 Anti-

308 2185 483 2258 patro
527 2183 592 2240 in
631 2178 640 2259 Ι
679 2184 1048 2258 provinciam
1081 2183 1185 2241 ubi
1221 2186 1353 2243 erat
1376 2184 1714 2242 Alexander
1746 2203 1856 2258 per
1888 2184 2107 2243 Iollam
2138 2184 2330 2243 filium
2350 2198 2441 2248 (20)

309 2272 543 2347 perlata.
589 2289 715 2329 esse
761 2273 821 2329 et
865 2271 939 2330 ab
987 2291 1055 2331 eo
1103 2292 1171 2330 ea
1218 2293 1373 2349 aqna
1416 2292 1616 2349 regem
1663 2290 1788 2331 esse
1832 2275 2127 2331 necatum.
2185 2274 2332 2331 item

309 2360 562 2435 Alpibus
626 2361 689 2418 in
746 2358 928 2419 Cottii
990 2380 1172 2437 regno
1237 2364 1328 2420 est
1383 2379 1541 2437 aqua.
1604 2380 1674 2419 ex
1739 2380 1857 2436 qua
1919 2363 2028 2438 qui
2083 2364 2331 2438 gustant

311 2447 516 2507 statim
580 2449 913 2508 concidunt.
1005 2469 1148 2527 agro
1213 2452 1416 2509 autem
1469 2449 1701 2509 Falisco
1754 2451 1856 2509 via
1910 2448 2215 2525 Campana.
2266 2452 2332 2508 in
2362 2473 2417 2513 25

309 2556 517 2614 eampo
556 2536 810 2598 Corneto
857 2541 946 2597 est
990 2539 1156 2597 lucus
1201 2539 1265 2597 in
1311 2558 1429 2614 quo
1465 2539 1599 2598 fons
1636 2540 1845 2612 oritur,
1888 2538 2089 2614 ibique
2127 2540 2330 2599 avium

455 2820 488 2866 2
514 2817 698 2868 terrae
723 2813 885 2869 cinae
915 2814 994 2884 H,
1029 2816 1176 2887 terre
1206 2813 1329 2887 eine
1360 2814 1434 2882 Ε,
1458 2813 1732 2887 terret-,ine
1765 2814 1880 2869 GS.
1910 2816 1931 2884 ΙΙ
1958 2820 1989 2867 3
2019 2816 2089 2882 cf.
2114 2814 2331 2883 Neptu-

311 2884 435 2939 nias
481 2885 713 2940 lacunas
750 2887 908 2942 Rhet.
956 2887 1032 2941 ad
1077 2886 1319 2941 Herewn.
1349 2889 1403 2951 4,
1430 2890 1521 2954 10,
1548 2888 1620 2939 15
1657 2885 1876 2954 (Thiel).
1930 2887 1949 2955 ss
2003 2890 2035 2939 ὅ
2083 2884 2333 2939 chrobsi·

312 2956 527 3010 thratia
564 2956 680 3011 HS
711 2956 868 3026 (-eia)
909 2957 988 3026 G,
1035 2954 1442 3011 crobsithracia
1478 2956 1539 3011 E
1581 2959 1681 3027 (gr.
1726 2958 1785 3010 ἐν
1832 2955 2174 3028 <κυ>χρωψι
2218 2963 2335 3025 θύα,

312 3028 465 3097 apud
501 3026 731 3095 eyehros
760 3028 952 3097 Ptin).
1009 3031 1028 3097 ΙΙ
1083 3033 1113 3082 7
1151 3026 1306 3081 fonte
1352 3044 1453 3082 om.
1491 3026 1537 3082 S
1578 3028 1778 3109 (suppl.
1809 3028 1903 3096 Sc).
1958 3030 1979 3096 ΙΙ
2032 3032 2064 3080 8
2101 3027 2334 3098 propius

311 3097 507 3153 EGS:
545 3098 802 3167 proprius
830 3098 908 3152 H.
936 3101 957 3168 ΙΙ
986 3104 1054 3152 10
1080 3115 1191 3167 quo
1220 3097 1332 3152 loci
1360 3098 1426 3154 S:
1464 3098 1728 3166 quodlocn
1754 3098 1835 3165 H,
1862 3114 1972 3166 quo
2000 3097 2126 3153 loeo
2156 3099 2294 3153 EG.
2327 3098 2337 3171 Ι

316 3174 382 3221 12
421 3184 451 3222 e
478 3168 683 3236 quibus
712 3169 787 3223 ad
812 3187 987 3222 unum
1014 3170 1075 3223 E
1086 3169 1161 3224 G'z
1198 3187 1299 3225 om.
1328 3168 1455 3225 HS.
1482 3171 1503 3238 ΙΙ
1533 3174 1599 3222 13
1626 3168 1927 3223 transitare
1954 3187 2010 3225 x.
2038 3172 2057 3239 ΙΙ
2087 3174 2155 3223 14
2183 3186 2292 3238 quo

314 3238 467 3293 HG:
512 3238 648 3307 quia.
685 3240 804 3294 ΕΗ.
859 3241 878 3309 ΙΙ
934 3246 1000 3293 16
1036 3240 1301 3309 nonagris
1341 3241 1423 3310 E,
1466 3239 1713 3312 filagris
1751 3239 1839 3307 H,
1883 3248 1924 3293 ῑι
1970 3240 2121 3310 agris
2159 3240 2279 3296 ΒΘ.
2315 3241 2338 3313 ΙΙ

318 3313 382 3359 17
415 3324 562 3375 aqua
599 3310 813 3379 styglos
849 3309 1031 3377 hydor
1061 3311 1186 3367 GS:
1225 3327 1402 3381 aquas
1438 3310 1629 3381 tyglos
1664 3310 1846 3380 hydor
1872 3311 2016 3365 HE.
2046 3314 2065 3382 ΙΙ
2094 3318 2159 3365 21
2196 3328 2333 3379 qua:

318 3392 462 3441 quae
497 3380 648 3452 (que)
683 3397 736 3434 ω.
792 3383 811 3451 ΙΙ
865 3386 932 3433 22
969 3380 1246 3452 provinc(t
1272 3381 1400 3450 S)ia
1434 3400 1491 3437 x.
1536 3383 1555 3451 ss
1601 3386 1669 3435 23
1705 3381 1927 3452 perlatfi
1962 3382 2019 3449 S,
2053 3382 2339 3452 perlatum

319 3442 451 3497 ΗΕ
470 3449 600 3516 (-ΐ,ι“ι)
631 3450 699 3503 G.
753 3452 773 3520 u
827 3457 894 3503 24
932 3450 1129 3505 Cottii:
1169 3452 1325 3505 crobi
1356 3470 1397 3507 x
1424 3454 1514 3523 (cf.
1545 3452 1723 3507 Amm.
1752 3457 1842 3521 15,
1860 3458 1950 3521 10,
1968 3457 2039 3522 3).
2091 3455 2101 3524 Ι
2150 3470 2338 3522 exque.

321 3510 464 3565 EG:
501 3532 601 3570 om.
631 3520 692 3571 H
703 3520 755 3573 S.
802 3523 821 3589 ss
867 3526 934 3575 26
971 3520 1162 3589 ibique
1191 3522 1339 3578 EG:
1373 3523 1581 3591 ubique
1610 3523 1688 3593 H,
1728 3522 1827 3578 ubi
1853 3524 1907 3579 S.
