2664 3927
751 195 846 248 DE
885 194 1447 251 ARCHITECTURA
1479 195 1613 250 LIB.
1650 195 1744 265 III,
1780 203 1830 250 4.
1871 203 1903 250 5
2254 197 2338 260 75

320 347 520 402 autem
573 345 863 422 graduum
918 364 1025 404 nec
1078 347 1298 405 minus·
1331 365 1514 421 quam
1564 347 2003 423 sesquipedales
2047 367 2154 406 nec
2200 348 2337 424 plus

319 452 499 508 quam
547 433 851 509 bipedales
904 434 1212 493 faciendae
1256 435 1550 494 videntur.
1642 436 1788 494 item
1834 435 1886 494 si
1930 437 2085 495 circa
2132 436 2339 495 aedem

317 522 536 599 gradus
591 523 782 582 futuri
827 525 991 598 sunt,
1047 524 1123 582 ad
1169 524 1421 583 eundem
1464 524 1705 584 modum
1748 523 1877 583 fieri
1922 524 2151 584 debent.
2244 527 2337 584 sin
2375 538 2406 586 5

315 613 516 670 autem
562 611 717 670 circa
763 611 969 670 aedem
1014 631 1085 669 ex
1127 612 1316 671 tribus
1371 613 1657 673 lateribus
1702 613 1947 689 podium
2000 613 2339 676 faciendum

185 709 308 762 (2⁵)15
319 699 450 775 erit,
495 700 574 758 ad
617 701 680 759 id
728 692 1145 782 conlstituatur
1188 701 1280 760 uti
1325 701 1586 777 quadrae
1624 703 1819 778 spirae
1854 702 2052 760 trunci
2088 721 2337 761 coronae

316 788 462 864 lysis
510 789 601 847 ad‘
629 789 826 864 ipsum
871 788 1234 864 stylobatam
1281 785 1385 866 qui
1421 790 1534 850 erit
1570 791 1676 850 sub
1716 791 2123 850 columnarum
2160 791 2336 866 spiris

215 886 285 941 77
317 879 688 937 conveniant.
779 868 1164 958 styfllobatam
1207 879 1295 937 ita
1342 882 1577 954 oportet
1622 881 1937 955 exaequari
1983 881 2073 938 uti
2117 879 2338 938 habeat

315 985 422 1042 per
474 966 735 1025 medium
789 965 1180 1026 adiectionem
1232 986 1341 1042 per
1386 968 1681 1027 scamillos
1735 969 1989 1044 inpares,
2081 969 2133 1028 si
2180 970 2337 1028 enim

315 1055 392 1112 ad
455 1055 722 1114 libellam
785 1055 1102 1132 dirigetur,
1168 1055 1503 1114 alveolatus
1569 1058 1737 1116 oculo
1800 1057 2115 1116 videbitur.
2224 1058 2335 1116 hoc

235 1165 289 1205 ιο
316 1146 518 1202 autem
572 1147 640 1203 ut
694 1145 950 1203 scamilli
1005 1145 1083 1202 ad
1133 1144 1199 1202 id
1243 1145 1659 1204 convenientes
1702 1145 1875 1220 fiant,
1931 1147 2077 1205 item
2129 1147 2194 1205 in
2240 1166 2334 1206 ex-

234 1245 296 1297 (5)
314 1234 505 1290 tremo
550 1233 702 1292 libro
747 1234 942 1293 forma
989 1236 1050 1291 et
1094 1233 1522 1292 demonstratio
1564 1227 1572 1313 Ι
1614 1234 1729 1292 erit
1773 1235 2083 1310 descripta.

445 1320 556 1380 His
611 1322 890 1398 perfectis
943 1321 1008 1381 in
1063 1322 1184 1380 suis
1237 1322 1385 1381 locis
1442 1322 1636 1397 spirae
1690 1323 2070 1382 conlocentur
2114 1342 2335 1399 eaeque
2364 1333 2416 1385 V

313 1410 391 1467 ad
437 1411 843 1486 symmetriam
887 1412 972 1470 sic
1016 1411 1401 1486 perficiantur
1437 1411 1530 1468 uti
1567 1411 1895 1470 crassitudo
1932 1429 2067 1470 cum
2101 1412 2334 1487 plintho

313 1499 392 1556 sit
427 1499 735 1559 columnae
773 1519 842 1558 ex
879 1499 1126 1558 dimidia
1163 1499 1551 1558 crassitudine
1587 1500 2119 1576 proiecturamque,
2156 1519 2337 1575 quam

235 1609 286 1650 15
317 1585 527 1646 Graeci
573 1605 862 1664 εκφοραν
897 1589 1184 1664 vocitant,
1228 1588 1490 1647 habeant
1535 1607 1721 1664 aeque
1757 1591 2007 1648 tantam.
2080 1590 2169 1647 ita
2206 1592 2336 1646 tum

207 1689 294 1742 (ιο)
313 1676 440 1734 lata
491 1679 551 1753 et
589 1671 598 1755 Ι
638 1677 820 1754 longa
866 1679 980 1736 erit
1029 1678 1337 1736 columnae
1385 1677 1791 1736 crassitudinis
1836 1677 2011 1736 unius
2060 1681 2119 1736 et
2164 1677 2335 1735 dimi-

314 1765 465 1823 diae.
563 1767 818 1824 altitudo
883 1767 1008 1826 eius
1072 1766 1125 1825 si
1187 1767 1511 1844 atticurges
1566 1767 1703 1842 erit,
1768 1766 1857 1825 ita
1909 1766 2214 1825 dividatur
2266 1769 2335 1824 ut
2372 1783 2403 1830 2

314 1853 581 1927 superior
624 1873 764 1930 pars
809 1854 987 1913 tertia
1032 1858 1204 1930 parte
1251 1855 1331 1914 sit
1375 1855 1783 1914 crassitudinis
1830 1857 2154 1931 columnae,
2199 1854 2334 1914 reli-

317 1960 498 2016 quum
541 1942 774 2018 plintho
819 1943 1206 2019 relinquatur.
1279 1945 1521 2021 dempta
1565 1943 1799 2021 plintho
1844 1945 2141 2021 reliquum
2186 1944 2334 2005 divi-

233 2054 288 2094 20
315 2030 492 2089 datur
544 2031 608 2088 in
660 2035 860 2107 partes
915 2035 1204 2109 quattuor
1256 2031 1481 2109 fiatque
1542 2035 1811 2110 superior
1852 2037 2019 2093 torus
2066 2037 2333 2109 quartae,

205 2134 294 2187 (15)
314 2120 580 2195 reliquae
616 2122 736 2179 tres
766 2121 1096 2196 aequaliter
1129 2114 1492 2204 dividanltur
1520 2126 1580 2181 et
1614 2143 1734 2182 una
1771 2125 1851 2182 sit
1876 2123 2123 2181 inferior
2148 2126 2333 2197 tom,

315 2209 506 2267 altera
541 2228 680 2284 pars
719 2228 851 2267 cum
887 2210 1008 2268 suis
1049 2210 1288 2285 quadris
1327 2212 1532 2287 scotia,
1572 2232 1749 2287 quem
1785 2210 1995 2270 Graeci
2031 2211 2332 2284 τρο-χιλον

313 2298 535 2357 dicunt.
635 2297 728 2357 sin
783 2301 984 2357 autem
1035 2300 1265 2359 ionicae
1319 2302 1493 2358 erunt
1555 2300 1887 2375 faciendae,
1954 2300 2332 2375 symmetriae
2370 2316 2402 2363 3

313 2406 518 2445 earum
562 2386 647 2446 sic
693 2390 866 2446 erunt
911 2388 1355 2447 constituendae
1400 2389 1493 2447 uti
1536 2389 1792 2448 latitudo
1840 2388 2034 2464 spirae
2072 2407 2331 2465 quoque-

230 2499 284 2539 25
311 2494 514 2535 versus
543 2476 623 2535 sit
649 2477 958 2535 columnae
987 2476 1395 2537 crassitudinis
1424 2478 1654 2536 adiecta
1682 2477 2089 2537 crassitudinis
2118 2481 2333 2555 quarta

454 2669 488 2716 4
527 2663 748 2731 aedem3
794 2662 994 2717 eadem
1037 2665 1188 2732 (ante
1232 2666 1395 2731 corr.)
1432 2664 1502 2717 H
1530 2665 1615 2734 (ut
1642 2668 1734 2732 70,
1752 2668 1824 2730 3).
1866 2667 1922 2805 ΙΙΙ
1954 2669 1986 2719 5
2026 2664 2151 2735 spin
2223 2665 2278 2746 S.
2314 2664 2334 2737 ΙΙ

315 2739 346 2787 6
383 2732 522 2803 lysis
551 2736 613 2788 H
647 2742 699 2789 et
731 2737 798 2789 in
831 2750 940 2789 raa
973 2733 1059 2789 8⁶:
1096 2732 1193 2803 lap
1195 2733 1243 2787 is
1275 2735 1328 2789 G
1364 2739 1409 2805 (ἶ
1454 2738 1514 2789 at
1550 2735 1610 2804 ly
1612 2734 1772 2791 sisG
1866 2735 2091 2805 {ipsum
2118 2681 2307 2804 3:11>

313 2820 436 2858 sam
465 2807 516 2860 G
561 2813 613 2861 et
648 2807 728 2875 (-a
767 2807 832 2859 in
865 2806 998 2873 rae.)
1025 2804 1162 2873 &021
1213 2805 1501 2873 stylobata
1512 2807 1679 2929 (sic)]
1716 2806 1815 2875 qui
1843 2838 1912 2847 -—
1940 2808 2015 2876 (7)
2045 2752 2333 2882 stylobata

312 2877 430 2947 (sic)
459 2882 558 2931 om.
589 2876 642 2931 S.
680 2877 793 2947 (sed
829 2878 1003 2931 adscr.
1033 2874 1074 2927 d
1107 2878 1286 2957 suppl.
1318 2879 1381 2931 in
1416 2894 1483 2931 m.
1512 2877 1678 2945 h.S⁰)
1712 2879 1719 2948 Ι
1754 2894 1816 2932 co
1818 2877 2039 2939 lumnax
2066 2878 2144 2946 H,
2179 2890 2333 2943 ma}

311 2949 396 3016 (in
421 2950 553 3017 raa)
581 2946 950 3020 18⁹³,column9
984 2946 1051 3002 G.
1078 2948 1099 3016 ΙΙ
1128 2951 1156 2998 7
1187 2945 1272 2999 ita
1299 2947 1435 3003 HS.
1464 2965 1564 3003 om.
1588 2949 1655 3003 G.
1683 2949 1703 3018 ΙΙ
1730 2954 1762 3003 8
1792 2948 2075 3003 scamillos
2104 2921 2173 3003 Η
2194 2955 2245 3003 et
2269 2952 2333 3003 in

309 3035 420 3073 ras.
451 3018 512 3074 S.
557 3017 836 3072 scanullos
875 3020 1020 3089 (ante
1056 3018 1214 3086 corr.)
1257 3017 1324 3072 G.
1354 3020 1372 3088 ΙΙ
1402 3025 1431 3073 9
1471 3018 1816 3073 alveolatum
1851 3022 1954 3091 (-ιι)
1990 3037 2045 3074 x.
2074 3022 2095 3090 ΙΙ
2124 3025 2195 3073 12
2228 3035 2329 3073 eae

312 3088 464 3144 HG.
502 3089 606 3163 hee
635 3089 689 3145 S.
718 3091 737 3159 ΙΙ
766 3093 831 3142 15
871 3088 1184 3143 θΚΦΟΡὰΝ
1221 3106 1409 3159 graece
1444 3106 1545 3145 scr
1586 3092 1703 3161 (hoc
1730 3094 1914 3161 primo
1950 3092 2085 3160 loco)
2120 3109 2161 3144 x
2195 3092 2333 3159 (sine

311 3160 366 3215 Ο
398 3160 488 3231 G).
549 3160 556 3229 Ι
615 3175 681 3214 ae
684 3176 792 3229 que
828 3161 1051 3215 tantam
1083 3159 1426 3216 Oehmichen:
1466 3163 1777 3216 sextantem
1811 3180 1867 3217 x.
1928 3163 1935 3232 Ι
1994 3162 2116 3215 tum
2152 3163 2235 3232 <tu
2263 3161 2331 3231 S)

311 3230 448 3287 HS:
487 3230 563 3283 du
596 3233 663 3286 G.
703 3233 723 3303 ΙΙ
766 3237 831 3285 17
871 3230 1128 3302 atti(adti
1155 3238 1282 3285 wate
1309 3249 1445 3287 corr.
1478 3233 1551 3302 G)
1658 3249 1757 3301 ges
1793 3251 1848 3287 x.
1878 3235 1896 3302 ΙΙ
1928 3237 1991 3286 18
2026 3232 2306 3301 reliquum

310 3300 535 3371 plintho
563 3334 632 3342 —
662 3305 770 3373 (19)
797 3302 1075 3371 reliquum
1104 3302 1256 3357 HG.
1311 3317 1411 3357 om.
1443 3302 1488 3357 S
1528 3305 1547 3372 (
1622 3304 1797 3359 ads-cr
1828 3304 1909 3372 S0,
1958 3304 2044 3358 ‘nil
2085 3305 2275 3359 ultra.

312 3378 382 3427 20
427 3375 608 3445 torus]
655 3376 890 3443 quartae
917 3406 988 3414 —
1016 3377 1103 3444 (21
1154 3374 1310 3427 torus
1352 3374 1430 3429 G:
1486 3391 1585 3429 om.
1625 3375 1694 3429 H
1741 3382 1792 3430 et
1843 3377 1978 3445 (sine
2030 3376 2183 3445 nota>

313 3449 380 3497 22
419 3461 606 3514 quem:
647 3461 819 3513 quam
852 3462 907 3499 x.
941 3445 950 3516 Ι
980 3446 1103 3499 troc
1143 3443 1260 3497 ilon
1295 3448 1401 3513 515.ss
1428 3450 1496 3499 24
1534 3462 1755 3514 quoque
1791 3448 1889 3516 (qq
1924 3452 2050 3501 ante
2086 3463 2225 3503 corr.
2258 3446 2330 3512 G,

311 3526 390 3619 q‘q
418 3550 499 3621 S0)
535 3566 724 3605 versus
761 3568 816 3605 x.
845 3552 865 3620 ΙΙ
892 3555 960 3605 25
997 3550 1368 3607 crassitudine
1404 3570 1459 3608 ω.
