2664 3927
389 185 473 250 68
1230 183 1561 239 VITRUVII

320 351 352 398 3
391 339 568 395 tunas
614 355 684 394 ex
727 335 916 394 tribus
965 353 1115 410 quae
1163 338 1253 395 est
1297 335 1562 411 proxime
1607 337 1846 411 portam
1891 333 2203 394 Collinam.
2274 353 2411 411 pro-

394 416 581 500 stylo's
610 423 809 483 omnia
834 423 1016 483 habet
1044 423 1543 500 quemadmodum
1566 423 1631 482 in
1669 424 1844 498 antis,
1880 424 2183 484 columnas
2212 427 2417 483 autem

392 516 599 573 contra
644 517 816 573 antas
863 513 1177 590 angulares
1225 513 1401 588 duas,
1455 531 1752 589 supraque
1810 513 2089 589 epistylia
2135 513 2418 589 quemad-

390 603 632 662 modum
697 605 758 660 et
817 601 883 660 in
945 602 1128 677 antiS,
1193 603 1256 660 et
1317 601 1525 660 dextra
1564 596 1573 680 Ι
1615 620 1684 660 ac
1747 602 1988 661 sinistra
2039 602 2104 660 in
2157 602 2417 661 versuris
2436 615 2531 666 (1⁰)

393 692 647 768 singula.
735 690 911 750 huius
967 691 1267 766 exemplar
1320 694 1412 750 est
1465 691 1529 749 in
1582 690 1779 750 insula
1824 690 2103 749 Tiberina
2156 691 2221 748 in
2268 691 2417 750 aede
2448 711 2475 752 5

320 797 354 843 4
390 781 552 840 Iovis
599 783 660 838 et
693 778 906 838 Fauni.
981 779 1483 855 amphiprostylos
1530 779 1729 838 omnia
1764 779 1947 838 habet
1983 798 2053 839 ea
2091 797 2241 855 quae
2278 798 2415 856 pro·

392 870 579 945 stylos
593 914 608 943 ‚
660 870 1087 944 praetereaque
1139 867 1321 927 habet
1374 869 1439 926 in
1482 869 1710 944 postico
1757 867 1833 927 ad
1879 868 2131 927 eundem
2174 867 2417 931 modum

324 974 356 1022 5
395 958 699 1017 columnas
737 959 799 1015 et
831 957 1157 1034 fastigium.
1229 957 1559 1033 peripteros
1597 960 1799 1015 autem
1834 957 1951 1016 erit
1986 975 2138 1033 quae
2172 956 2419 1016 habebit

391 1047 456 1105 in
517 1047 714 1104 fronte
777 1048 838 1104 et
898 1046 1127 1121 postico
1182 1064 1355 1105 senas
1415 1045 1745 1120 columnas,
1806 1045 1872 1104 in
1933 1046 2217 1105 lateribus
2281 1064 2419 1104 cum

397 1127 408 1217 Ι
439 1134 821 1211 angularibus
865 1134 1147 1194 undenas.
1218 1135 1308 1193 ita
1354 1137 1555 1193 autem
1600 1135 1721 1194 sint
1762 1136 1876 1194 hae
1922 1135 2232 1194 columnae
2277 1153 2417 1194 con-
2431 1146 2587 1198 1⁰(15)

393 1225 623 1283 locatae
660 1226 728 1282 ut
763 1224 1202 1284 intercolumnii
1237 1223 1578 1282 latitudinis
1614 1223 1999 1282 intervallum
2034 1224 2115 1282 sit
2151 1243 2187 1282 a
2222 1224 2417 1300 parie-

391 1313 551 1372 tibus
597 1313 817 1372 circum
863 1314 938 1372 ad
985 1316 1276 1372 extremos
1323 1313 1557 1373 ordines
1604 1312 2035 1388 columnarum,
2080 1312 2419 1388 habeatque

393 1401 859 1462 ambulationem
914 1402 1069 1461 circa
1124 1402 1339 1461 cellam
1402 1402 1565 1461 aedis
1578 1448 1593 1477 ‚
1657 1400 2153 1477 quemadmodum
2208 1404 2299 1460 est
2352 1403 2417 1459 in

391 1492 625 1568 porticu
669 1491 899 1550 Metelli
942 1491 1100 1550 Iovis
1140 1490 1397 1550 Statoris
1432 1490 1787 1550 Hermodori
1831 1494 1893 1549 et
1936 1489 2099 1550 aedis
2144 1491 2419 1550 Mariana

323 1597 356 1644 6
391 1580 649 1640 Honoris
690 1574 698 1658 Ι
742 1583 802 1638 et
844 1579 1100 1638 Virtutis
1147 1579 1273 1638 sine
1318 1579 1547 1655 postico
1595 1598 1631 1639 a
1675 1579 1871 1638 Mucio
1916 1580 2094 1638 facta.
2165 1580 2418 1655 pseudo-
2430 1590 2583 1642 1⁵(20)

393 1670 657 1746 dipteros
703 1671 904 1727 autem
949 1669 1033 1727 sic
1079 1669 1423 1728 conlocatur
1466 1671 1536 1727 ut
1577 1669 1642 1728 in
1687 1669 1883 1727 fronte
1920 1670 1982 1726 et
2023 1669 2252 1744 postico
2290 1669 2417 1727 sint

393 1758 702 1817 columnae
767 1760 1038 1832 octonae,
1101 1757 1165 1815 in
1227 1757 1513 1816 lateribus
1570 1776 1704 1816 cum
1757 1757 2139 1834 angularibus
2198 1757 2419 1834 quinae

393 1846 596 1905 denae.
671 1846 791 1905 sint
829 1848 1030 1905 autem
1064 1846 1322 1922 parietes
1362 1847 1545 1906 cellae
1583 1849 1789 1906 contra
1826 1849 2145 1922 quaternas
2191 1847 2413 1905 colum·

392 1953 500 1995 nas
564 1935 866 1995 medianas
929 1935 993 1995 in
1055 1937 1250 1996 fronte
1315 1938 1377 1996 et
1436 1935 1682 2013 postico,
1779 1935 1869 1995 ita
1923 1934 2175 1994 duorum
2232 1935 2416 1995 inter-

394 2024 824 2084 columniorum
868 2028 930 2084 et
971 2026 1128 2085 imae
1174 2017 1598 2107 crassituldinis
1636 2025 1943 2085 columnae
1990 2026 2251 2100 spatium
2295 2027 2413 2085 erit
2425 2036 2585 2087 2⁰(25)

394 2111 468 2172 ab
506 2113 831 2189 parietibus
869 2114 1026 2173 circa
1063 2113 1140 2172 ad
1175 2117 1466 2174 extremos
1496 2114 1728 2173 ordines
1757 2114 2181 2173 columnarum.
2237 2114 2417 2174 huius

394 2201 694 2277 exemplar
737 2202 961 2261 Romae
1005 2221 1126 2261 non
1171 2206 1262 2261 est
1305 2203 1410 2262 sed
1449 2195 1458 2283 Ι
1498 2203 1839 2280 Magnesiae
1884 2197 2134 2280 <aedis>
2178 2203 2415 2263 Dianae
2453 2212 2535 2267 70

391 2290 801 2368 HermogeniS‚
845 2290 1173 2350 Alabandis
1220 2292 1404 2351 etiam
1447 2291 1746 2367 Apollinis
1792 2310 1831 2350 a
1874 2291 2178 2350 Menesthe
2234 2293 2417 2352 facta.

325 2395 354 2443 7
393 2379 656 2455 dipteros
703 2383 904 2448 autem
948 2380 1271 2456 octastylos
1318 2382 1381 2439 et
1423 2398 1647 2456 pronao
1696 2383 1756 2439 et
1799 2380 2055 2456 posticO,
2110 2380 2212 2441 sed
2258 2381 2419 2440 circa

395 2468 602 2527 aedem
656 2468 918 2544 duplices
972 2467 1152 2528 habet
1206 2468 1441 2528 ordines
1488 2469 1919 2545 columnarum,
1973 2469 2063 2527 uti
2114 2473 2204 2529 est
2249 2469 2418 2529 aedis
2452 2490 2509 2531 25

395 2556 626 2626 Quirini
682 2558 883 2617 dorica
938 2560 998 2617 et
1050 2558 1274 2633 Ephesi
1325 2558 1558 2617 Dianae
1612 2558 1808 2617 ionica
1848 2550 1857 2639 Ι
1898 2576 1935 2616 a
1984 2556 2417 2634 Chersiphrone
2440 2569 2509 2621 (5)
2630 2588 2632 2611 2

323 2663 355 2710 8
393 2646 733 2706 constituta.
822 2647 1184 2723 hypaethros
1229 2665 1369 2706 vero
1424 2646 1757 2723 decastylos
1812 2649 1903 2705 est
1955 2648 2020 2705 in
2072 2664 2296 2723 pronao
2354 2651 2420 2707 et
2630 2646 2632 2655 '

536 2874 567 2922 5
603 2868 850 2923 tiberina
878 2869 942 2925 S:
979 2869 1163 2923 -riana
1190 2869 1433 2939 116080).
1464 2870 1483 2939 ΙΙ
1511 2874 1540 2921 ’1
1579 2867 1817 2938 posticio
1854 2868 1981 2938 (-tio
2012 2869 2079 2937 S)
2114 2885 2171 2923 ω.
2196 2870 2216 2937 ΙΙ
2244 2872 2276 2921 8
2313 2884 2415 2937 pe-

389 2939 654 3009 ripteros:
709 2938 944 3008 Peripsii
980 2940 1035 2996 S.
1097 2943 1116 3010 ΙΙ
1181 2945 1248 2993 10
1293 2942 1511 2995 autem:
1567 2943 1631 2993 ut
1666 2958 1719 2995 x.
1786 2941 1804 3010 ΙΙ
1870 2945 1935 2993 14
1982 2938 2210 2993 statoris
2252 2938 2421 3009 G(S⁶)

394 3072 460 3091 =
491 3022 791 3114 (stasstoris)
821 3046 924 3099 Hc:
975 3044 1231 3101 startoris
1258 3046 1329 3099 H
1358 3053 1411 3101 et
1444 3048 1561 3116 (ubi
1596 3044 1735 3101 toris
1772 3048 1837 3099 in
1870 3048 2004 3115 ras.)
2034 3046 2087 3101 S.
2121 3046 2130 3115 ι
2159 3044 2423 3099 hei-modi

390 3135 446 3170 ω.
481 3122 490 3184 Ι
523 3116 681 3171 aedis
718 3115 1000 3171 Mariana:
1039 3116 1373 3171 admariana
1407 3135 1461 3171 x.
1508 3119 1527 3187 ΙΙ
1575 3122 1639 3171 15
1676 3115 1859 3171 mucio
1890 3117 1975 3173 H:
2022 3115 2200 3171 mutio
2242 3116 2361 3171 GS.

392 3192 462 3241 20
500 3186 672 3241 imae:
710 3202 855 3239 unae
890 3189 910 3255 (
978 3187 1105 3256 GS)
1141 3207 1196 3241 ω.
1226 3190 1244 3257 ΙΙ
1272 3194 1338 3241 21
1380 3189 1451 3242 ab
1486 3186 1799 3257 parietibus
1831 3186 1901 3256 G,
1938 3186 2323 3259 apparietibus

393 3261 450 3327 (a
467 3257 778 3327 parietibus
798 3258 883 3310 Η6
939 3260 974 3326 ).
1003 3259 1022 3327 ΙΙ
1051 3263 1117 3311 22
1139 3257 1295 3312 aedis
1316 3276 1416 3314 om.
1436 3277 1490 3314 ω.
1520 3261 1539 3329 ΙΙ
1567 3264 1633 3312 23
1654 3257 1922 3313 alabandi
1946 3260 1995 3315 G
2014 3265 2067 3313 et
2084 3260 2169 3328 (in
2185 3261 2318 3327 rae.)
2340 3259 2425 3327 δῖ’,

395 3326 786 3401 alaba<rinthi
826 3329 891 3382 in
925 3344 1033 3383 ras.
1065 3330 1167 3385 litt.
1199 3329 1464 3402 tenum.)
1493 3329 1593 3384 ΗΟ.
1625 3332 1634 3399 Ι
1667 3328 1864 3385 etiam:
1903 3333 1962 3384 et
1995 3347 2050 3384 x.
2084 3333 2093 3399 1
2123 3329 2425 3385 menesthe

394 3398 474 3465 H,
503 3400 581 3452 -te
615 3400 666 3455 G
693 3401 772 3473 (te
802 3399 886 3469 S).
913 3400 933 3468 ΙΙ
962 3404 1028 3452 25
1059 3399 1282 3456 aedem:
1313 3400 1511 3455 eadem
1538 3403 1684 3470 (ante
1710 3402 1843 3469 rae.)
1871 3402 1947 3456 H.
1977 3402 1996 3470 ΙΙ
2024 3406 2091 3454 26
2130 3400 2295 3455 ather
2323 3400 2335 3473 Ι
2370 3401 2427 3455 si

393 3467 549 3521 frone
580 3471 648 3536 G,
686 3474 755 3537 a<
764 3470 894 3524 chre
979 3468 1027 3523 si
1063 3470 1220 3525 frone
1247 3473 1335 3541 (in
1360 3472 1495 3541 rae.)
1524 3472 1622 3539 Hc,
1650 3470 1986 3526 achrisifone
2014 3471 2067 3527 S.
2097 3472 2117 3541 ΙΙ
2144 3476 2209 3525 27
2240 3469 2423 3542 hype-

392 3537 550 3590 thros
581 3540 648 3593 H
678 3542 838 3609 (-tros
907 3585 924 3609 ,
962 3542 1114 3596 -dros
1146 3543 1234 3611 G).
1269 3544 1278 3612 Ι
1309 3558 1441 3596 vero
1472 3543 1540 3596 H
1544 3542 1733 3613 S(G⁰):
1777 3548 1811 3595 ¹³
1854 3543 2083 3614 (autem)
2115 3542 2181 3597 G.
