<?xml version="1.0" encoding="UTF-8"?>
<!DOCTYPE html PUBLIC "-//W3C//DTD XHTML 1.0 Transitional//EN"
    "http://www.w3.org/TR/xhtml1/DTD/xhtml1-transitional.dtd">
<html xmlns="http://www.w3.org/1999/xhtml" xml:lang="en" lang="en">
 <head>
  <title>
</title>
<meta http-equiv="Content-Type" content="text/html;charset=utf-8" />
  <meta name='ocr-system' content='tesseract 3.04.00' />
  <meta name='ocr-capabilities' content='ocr_page ocr_carea ocr_par ocr_line ocrx_word'/>
</head>
<body>
  <div class='ocr_page' id='page_1' title='image "./vitruviidearchi00pollgoog_0316.png"; bbox 0 0 2664 3927; ppageno 0'>
   <div class='ocr_carea' id='block_1_1' title="bbox 383 165 1557 238">
    <p class='ocr_par' dir='ltr' id='par_1_1' title="bbox 383 165 1557 238">
     <span class='ocr_line' id='line_1_1' title="bbox 383 165 1557 238; baseline -0.011 -4"><span class='ocrx_word' id='word_1_1' title='bbox 383 165 517 234; x_wconf 83' lang='grc'>280</span> <span class='ocrx_word' id='word_1_2' title='bbox 1228 169 1557 238; x_wconf 72' lang='grc' dir='ltr'>νΙΤΒῐΝΠ</span> 
     </span>
    </p>
   </div>
   <div class='ocr_carea' id='block_1_2' title="bbox 289 314 2549 2706">
    <p class='ocr_par' dir='ltr' id='par_1_2' title="bbox 383 314 2525 664">
     <span class='ocr_line' id='line_1_2' title="bbox 383 314 2525 398; baseline 0.003 -19"><span class='ocrx_word' id='word_1_3' title='bbox 383 323 559 380; x_wconf 89' lang='lat' dir='ltr'>nocte</span> <span class='ocrx_word' id='word_1_4' title='bbox 594 321 838 396; x_wconf 78' lang='lat' dir='ltr'>profusa</span> <span class='ocrx_word' id='word_1_5' title='bbox 872 320 1100 396; x_wconf 88' lang='lat' dir='ltr'>fuisset,</span> <span class='ocrx_word' id='word_1_6' title='bbox 1139 314 1148 398; x_wconf 87' lang='grc' dir='ltr'>Ι</span> <span class='ocrx_word' id='word_1_7' title='bbox 1187 323 1426 396; x_wconf 88' lang='lat' dir='ltr'>postero</span> <span class='ocrx_word' id='word_1_8' title='bbox 1464 319 1559 378; x_wconf 91' lang='lat' dir='ltr'>die</span> <span class='ocrx_word' id='word_1_9' title='bbox 1593 319 1882 396; x_wconf 79' lang='lat' dir='ltr'>helepolis</span> <span class='ocrx_word' id='word_1_10' title='bbox 1919 320 2199 379; x_wconf 85' lang='lat' dir='ltr'>accedens</span> <span class='ocrx_word' id='word_1_11' title='bbox 2235 324 2410 381; x_wconf 86' lang='lat' dir='ltr'>ante-</span> <span class='ocrx_word' id='word_1_12' title='bbox 2430 333 2525 386; x_wconf 83' lang='lat'>(15)</span> 
     </span>
     <span class='ocr_line' id='line_1_3' title="bbox 387 408 2410 487; baseline 0 -20"><span class='ocrx_word' id='word_1_13' title='bbox 387 429 568 485; x_wconf 89' lang='lat' dir='ltr'>quam</span> <span class='ocrx_word' id='word_1_14' title='bbox 612 408 1121 486; x_wconf 77' lang='lat' dir='ltr'><strong>adpropinquaret</strong></span> <span class='ocrx_word' id='word_1_15' title='bbox 1164 409 1242 468; x_wconf 87' lang='lat' dir='ltr'>ad</span> <span class='ocrx_word' id='word_1_16' title='bbox 1284 429 1537 484; x_wconf 65' lang='lat' dir='ltr'>murum,</span> <span class='ocrx_word' id='word_1_17' title='bbox 1580 410 1646 466; x_wconf 89' lang='lat' dir='ltr'>in</span> <span class='ocrx_word' id='word_1_18' title='bbox 1680 409 1882 468; x_wconf 90' lang='lat' dir='ltr'>umido</span> <span class='ocrx_word' id='word_1_19' title='bbox 1916 410 2199 487; x_wconf 87' lang='lat' dir='ltr'>voragine</span> <span class='ocrx_word' id='word_1_20' title='bbox 2238 410 2410 468; x_wconf 86' lang='lat' dir='ltr'>facta</span> 
     </span>
     <span class='ocr_line' id='line_1_4' title="bbox 385 497 2409 575; baseline 0 -19"><span class='ocrx_word' id='word_1_21' title='bbox 385 497 653 557; x_wconf 75' lang='lat' dir='ltr'>consedit</span> <span class='ocrx_word' id='word_1_22' title='bbox 704 516 814 556; x_wconf 91' lang='lat' dir='ltr'>nec</span> <span class='ocrx_word' id='word_1_23' title='bbox 865 497 1143 575; x_wconf 80' lang='lat' dir='ltr'>progredi</span> <span class='ocrx_word' id='word_1_24' title='bbox 1195 516 1304 556; x_wconf 90' lang='lat' dir='ltr'>nec</span> <span class='ocrx_word' id='word_1_25' title='bbox 1355 497 1588 575; x_wconf 82' lang='lat' dir='ltr'>regredi</span> <span class='ocrx_word' id='word_1_26' title='bbox 1641 501 1851 574; x_wconf 87' lang='lat' dir='ltr'>postea</span> <span class='ocrx_word' id='word_1_27' title='bbox 1893 499 2109 574; x_wconf 91' lang='lat' dir='ltr'>potuit.</span> <span class='ocrx_word' id='word_1_28' title='bbox 2196 499 2409 574; x_wconf 87' lang='lat' dir='ltr'>itaque</span> 
     </span>
     <span class='ocr_line' id='line_1_5' title="bbox 385 585 2409 664; baseline 0 -18"><span class='ocrx_word' id='word_1_29' title='bbox 385 585 722 646; x_wconf 87' lang='lat' dir='ltr'>Demetrius</span> <span class='ocrx_word' id='word_1_30' title='bbox 781 605 916 644; x_wconf 85' lang='lat' dir='ltr'>eum</span> <span class='ocrx_word' id='word_1_31' title='bbox 962 586 1214 646; x_wconf 75' lang='lat' dir='ltr'>‘vidisset</span> <span class='ocrx_word' id='word_1_32' title='bbox 1271 587 1565 662; x_wconf 88' lang='lat' dir='ltr'>sapientia</span> <span class='ocrx_word' id='word_1_33' title='bbox 1619 586 1902 664; x_wconf 75' lang='lat' dir='ltr'>Diogneti</span> <span class='ocrx_word' id='word_1_34' title='bbox 1964 605 2028 646; x_wconf 85' lang='lat' dir='ltr'>se</span> <span class='ocrx_word' id='word_1_35' title='bbox 2091 587 2409 662; x_wconf 87' lang='lat' dir='ltr'>deceptum</span> 
     </span>
    </p>

    <p class='ocr_par' dir='ltr' id='par_1_3' title="bbox 314 675 2549 1284">
     <span class='ocr_line' id='line_1_6' title="bbox 314 675 2460 753; baseline -0.001 -13"><span class='ocrx_word' id='word_1_36' title='bbox 314 691 350 740; x_wconf 88' lang='lat'>8</span> <span class='ocrx_word' id='word_1_37' title='bbox 387 693 532 750; x_wconf 87' lang='lat' dir='ltr'>esse,</span> <span class='ocrx_word' id='word_1_38' title='bbox 575 693 710 734; x_wconf 88' lang='lat' dir='ltr'>cum</span> <span class='ocrx_word' id='word_1_39' title='bbox 755 675 939 734; x_wconf 88' lang='lat' dir='ltr'>classe</span> <span class='ocrx_word' id='word_1_40' title='bbox 985 693 1092 733; x_wconf 90' lang='lat' dir='ltr'>sua</span> <span class='ocrx_word' id='word_1_41' title='bbox 1135 675 1423 735; x_wconf 84' lang='lat' dir='ltr'>discessit.</span> <span class='ocrx_word' id='word_1_42' title='bbox 1510 678 1653 734; x_wconf 86' lang='lat' dir='ltr'>tunc</span> <span class='ocrx_word' id='word_1_43' title='bbox 1696 675 1916 735; x_wconf 85' lang='lat' dir='ltr'>Rhodii</span> <span class='ocrx_word' id='word_1_44' title='bbox 1958 676 2244 753; x_wconf 78' lang='lat' dir='ltr'>Diogneti</span> <span class='ocrx_word' id='word_1_45' title='bbox 2285 676 2407 736; x_wconf 85' lang='lat' dir='ltr'>sol·</span> <span class='ocrx_word' id='word_1_46' title='bbox 2432 695 2460 738; x_wconf 75' lang='lat'><strong>5</strong></span> 
     </span>
     <span class='ocr_line' id='line_1_7' title="bbox 385 759 2519 842; baseline 0.003 -19"><span class='ocrx_word' id='word_1_47' title='bbox 385 764 564 823; x_wconf 87' lang='lat' dir='ltr'>lertia</span> <span class='ocrx_word' id='word_1_48' title='bbox 606 763 848 822; x_wconf 88' lang='lat' dir='ltr'>liberati</span> <span class='ocrx_word' id='word_1_49' title='bbox 887 763 1046 822; x_wconf 92' lang='lat' dir='ltr'>bello</span> <span class='ocrx_word' id='word_1_50' title='bbox 1090 763 1325 840; x_wconf 90' lang='lat' dir='ltr'>publice</span> <span class='ocrx_word' id='word_1_51' title='bbox 1371 765 1595 842; x_wconf 87' lang='lat' dir='ltr'>gratias</span> <span class='ocrx_word' id='word_1_52' title='bbox 1636 759 1645 842; x_wconf 84' lang='grc' dir='ltr'>Ι</span> <span class='ocrx_word' id='word_1_53' title='bbox 1686 767 1935 842; x_wconf 86' lang='lat' dir='ltr'>egerunt</span> <span class='ocrx_word' id='word_1_54' title='bbox 1966 765 2404 842; x_wconf 82' lang='lat' dir='ltr'>honoribusque</span> <span class='ocrx_word' id='word_1_55' title='bbox 2424 775 2519 829; x_wconf 81' lang='lat'>(²⁰)</span> 
     </span>
     <span class='ocr_line' id='line_1_8' title="bbox 387 852 2405 932; baseline 0 -20"><span class='ocrx_word' id='word_1_56' title='bbox 387 852 658 912; x_wconf 80' lang='lat' dir='ltr'>omnibus</span> <span class='ocrx_word' id='word_1_57' title='bbox 703 871 838 910; x_wconf 92' lang='lat' dir='ltr'>eum</span> <span class='ocrx_word' id='word_1_58' title='bbox 873 855 936 910; x_wconf 90' lang='lat' dir='ltr'>et</span> <span class='ocrx_word' id='word_1_59' title='bbox 971 853 1334 912; x_wconf 76' lang='lat' dir='ltr'>ornamentis</span> <span class='ocrx_word' id='word_1_60' title='bbox 1370 856 1817 914; x_wconf 81' lang='lat' dir='ltr'>exornaverunt.</span> <span class='ocrx_word' id='word_1_61' title='bbox 1894 853 2225 932; x_wconf 80' lang='lat' dir='ltr'>Diognetus</span> <span class='ocrx_word' id='word_1_62' title='bbox 2271 872 2405 913; x_wconf 87' lang='lat' dir='ltr'>eam</span> 
     </span>
     <span class='ocr_line' id='line_1_9' title="bbox 385 940 2405 1018; baseline 0 -18"><span class='ocrx_word' id='word_1_63' title='bbox 385 941 707 1016; x_wconf 88' lang='lat' dir='ltr'>helepolim</span> <span class='ocrx_word' id='word_1_64' title='bbox 758 940 994 1000; x_wconf 85' lang='lat' dir='ltr'>reduxit</span> <span class='ocrx_word' id='word_1_65' title='bbox 1045 941 1110 998; x_wconf 89' lang='lat' dir='ltr'>in</span> <span class='ocrx_word' id='word_1_66' title='bbox 1163 941 1369 1001; x_wconf 88' lang='lat' dir='ltr'>urbem</span> <span class='ocrx_word' id='word_1_67' title='bbox 1424 945 1485 1000; x_wconf 91' lang='lat' dir='ltr'>et</span> <span class='ocrx_word' id='word_1_68' title='bbox 1538 943 1603 1000; x_wconf 87' lang='lat' dir='ltr'>in</span> <span class='ocrx_word' id='word_1_69' title='bbox 1654 942 1891 1018; x_wconf 90' lang='lat' dir='ltr'>publico</span> <span class='ocrx_word' id='word_1_70' title='bbox 1948 943 2282 1002; x_wconf 84' lang='lat' dir='ltr'>conlocavit</span> <span class='ocrx_word' id='word_1_71' title='bbox 2346 945 2405 1001; x_wconf 84' lang='lat' dir='ltr'>et</span> 
     </span>
     <span class='ocr_line' id='line_1_10' title="bbox 387 1023 2549 1108; baseline 0.005 -21"><span class='ocrx_word' id='word_1_72' title='bbox 387 1029 689 1106; x_wconf 80' lang='lat' dir='ltr'>inscripsit</span> <span class='ocrx_word' id='word_1_73' title='bbox 732 1023 1085 1106; x_wconf 77' lang='lat' dir='ltr'>‘Diognetus</span> <span class='ocrx_word' id='word_1_74' title='bbox 1131 1049 1163 1089; x_wconf 90' lang='lat' dir='ltr'>e</span> <span class='ocrx_word' id='word_1_75' title='bbox 1208 1030 1503 1090; x_wconf 83' lang='lat' dir='ltr'>manubiis</span> <span class='ocrx_word' id='word_1_76' title='bbox 1538 1031 1602 1089; x_wconf 92' lang='lat' dir='ltr'>id</span> <span class='ocrx_word' id='word_1_77' title='bbox 1642 1024 1651 1108; x_wconf 88' lang='grc' dir='ltr'>Ι</span> <span class='ocrx_word' id='word_1_78' title='bbox 1690 1031 1912 1108; x_wconf 89' lang='lat' dir='ltr'>populo</span> <span class='ocrx_word' id='word_1_79' title='bbox 1949 1031 2114 1091; x_wconf 87' lang='lat' dir='ltr'>dedit</span> <span class='ocrx_word' id='word_1_80' title='bbox 2146 1025 2400 1092; x_wconf 86' lang='lat' dir='ltr'>munus&#39;.</span> <span class='ocrx_word' id='word_1_81' title='bbox 2422 1041 2549 1097; x_wconf 77' lang='lat'>283</span> 
     </span>
     <span class='ocr_line' id='line_1_11' title="bbox 386 1118 2491 1196; baseline 0.003 -20"><span class='ocrx_word' id='word_1_82' title='bbox 386 1119 476 1176; x_wconf 88' lang='lat' dir='ltr'>ita</span> <span class='ocrx_word' id='word_1_83' title='bbox 517 1119 582 1176; x_wconf 89' lang='lat' dir='ltr'>in</span> <span class='ocrx_word' id='word_1_84' title='bbox 624 1118 1060 1196; x_wconf 78' lang='lat' dir='ltr'>repugnatoriis</span> <span class='ocrx_word' id='word_1_85' title='bbox 1103 1119 1278 1178; x_wconf 88' lang='lat' dir='ltr'>rebus</span> <span class='ocrx_word' id='word_1_86' title='bbox 1312 1138 1435 1178; x_wconf 92' lang='lat' dir='ltr'>non</span> <span class='ocrx_word' id='word_1_87' title='bbox 1467 1122 1705 1178; x_wconf 88' lang='lat' dir='ltr'>tantum</span> <span class='ocrx_word' id='word_1_88' title='bbox 1738 1119 2047 1179; x_wconf 74' lang='lat' dir='ltr'>machinae</span> <span class='ocrx_word' id='word_1_89' title='bbox 2083 1120 2186 1180; x_wconf 89' lang='lat' dir='ltr'>sed</span> <span class='ocrx_word' id='word_1_90' title='bbox 2223 1121 2405 1180; x_wconf 71' lang='lat' dir='ltr'>etiam</span> <span class='ocrx_word' id='word_1_91' title='bbox 2432 1141 2491 1182; x_wconf 84' lang='lat'>10</span> 
     </span>
     <span class='ocr_line' id='line_1_12' title="bbox 387 1206 1585 1284; baseline 0.001 -19"><span class='ocrx_word' id='word_1_92' title='bbox 387 1207 643 1265; x_wconf 80' lang='lat' dir='ltr'>maxime</span> <span class='ocrx_word' id='word_1_93' title='bbox 688 1206 936 1266; x_wconf 88' lang='lat' dir='ltr'>consilia</span> <span class='ocrx_word' id='word_1_94' title='bbox 981 1211 1124 1267; x_wconf 86' lang='lat' dir='ltr'>sunt</span> <span class='ocrx_word' id='word_1_95' title='bbox 1168 1208 1585 1284; x_wconf 88' lang='lat' dir='ltr'>comparanda.</span> 
     </span>
    </p>

    <p class='ocr_par' dir='ltr' id='par_1_4' title="bbox 315 1294 2516 2351">
     <span class='ocr_line' id='line_1_13' title="bbox 315 1294 2405 1374; baseline 0.001 -20"><span class='ocrx_word' id='word_1_96' title='bbox 315 1313 350 1362; x_wconf 82' lang='lat'>9</span> <span class='ocrx_word' id='word_1_97' title='bbox 519 1295 657 1354; x_wconf 87' lang='lat' dir='ltr'>Non</span> <span class='ocrx_word' id='word_1_98' title='bbox 701 1296 896 1356; x_wconf 88' lang='lat' dir='ltr'>minus</span> <span class='ocrx_word' id='word_1_99' title='bbox 941 1294 1088 1355; x_wconf 82' lang='lat' dir='ltr'>Chio</span> <span class='ocrx_word' id='word_1_100' title='bbox 1135 1315 1268 1356; x_wconf 93' lang='lat' dir='ltr'>cum</span> <span class='ocrx_word' id='word_1_101' title='bbox 1305 1315 1487 1374; x_wconf 89' lang='lat' dir='ltr'>supra</span> <span class='ocrx_word' id='word_1_102' title='bbox 1519 1315 1701 1356; x_wconf 83' lang='lat' dir='ltr'>naves</span> <span class='ocrx_word' id='word_1_103' title='bbox 1738 1297 2151 1366; x_wconf 80' lang='lat' dir='ltr'>sambucarum</span> <span class='ocrx_word' id='word_1_104' title='bbox 2184 1297 2405 1357; x_wconf 84' lang='lat' dir='ltr'>machi·</span> 
     </span>
     <span class='ocr_line' id='line_1_14' title="bbox 387 1385 2405 1461; baseline 0.001 -17"><span class='ocrx_word' id='word_1_105' title='bbox 387 1403 498 1444; x_wconf 89' lang='lat' dir='ltr'>nas</span> <span class='ocrx_word' id='word_1_106' title='bbox 559 1385 759 1444; x_wconf 87' lang='lat' dir='ltr'>hostes</span> <span class='ocrx_word' id='word_1_107' title='bbox 823 1386 1355 1461; x_wconf 81' lang='lat' dir='ltr'>comparavissent,</span> <span class='ocrx_word' id='word_1_108' title='bbox 1414 1388 1596 1444; x_wconf 87' lang='lat' dir='ltr'>noctu</span> <span class='ocrx_word' id='word_1_109' title='bbox 1652 1385 1784 1445; x_wconf 82' lang='lat' dir='ltr'>chii</span> <span class='ocrx_word' id='word_1_110' title='bbox 1845 1388 2069 1446; x_wconf 85' lang='lat' dir='ltr'>terram</span> <span class='ocrx_word' id='word_1_111' title='bbox 2121 1387 2405 1446; x_wconf 88' lang='lat' dir='ltr'>harenam</span> 
     </span>
     <span class='ocr_line' id='line_1_15' title="bbox 387 1465 2487 1556; baseline 0.004 -24"><span class='ocrx_word' id='word_1_112' title='bbox 387 1465 636 1556; x_wconf 69' lang='lat' dir='ltr'>lapildes</span> <span class='ocrx_word' id='word_1_113' title='bbox 671 1476 1091 1550; x_wconf 86' lang='lat' dir='ltr'>progesserunt</span> <span class='ocrx_word' id='word_1_114' title='bbox 1125 1474 1190 1532; x_wconf 87' lang='lat' dir='ltr'>in</span> <span class='ocrx_word' id='word_1_115' title='bbox 1223 1493 1389 1532; x_wconf 89' lang='lat' dir='ltr'>mare</span> <span class='ocrx_word' id='word_1_116' title='bbox 1426 1476 1565 1533; x_wconf 88' lang='lat' dir='ltr'>ante</span> <span class='ocrx_word' id='word_1_117' title='bbox 1599 1494 1851 1533; x_wconf 89' lang='lat' dir='ltr'>murum.</span> <span class='ocrx_word' id='word_1_118' title='bbox 1913 1476 2003 1534; x_wconf 86' lang='lat' dir='ltr'>ita</span> <span class='ocrx_word' id='word_1_119' title='bbox 2037 1475 2131 1534; x_wconf 90' lang='lat' dir='ltr'>illi</span> <span class='ocrx_word' id='word_1_120' title='bbox 2164 1479 2403 1552; x_wconf 88' lang='lat' dir='ltr'>postero</span> <span class='ocrx_word' id='word_1_121' title='bbox 2424 1485 2487 1540; x_wconf 79' lang='lat'>(5)</span> 
     </span>
     <span class='ocr_line' id='line_1_16' title="bbox 387 1561 2489 1642; baseline 0.002 -21"><span class='ocrx_word' id='word_1_122' title='bbox 387 1562 484 1621; x_wconf 90' lang='lat' dir='ltr'>die</span> <span class='ocrx_word' id='word_1_123' title='bbox 549 1581 682 1621; x_wconf 91' lang='lat' dir='ltr'>cum</span> <span class='ocrx_word' id='word_1_124' title='bbox 743 1561 1018 1621; x_wconf 78' lang='lat' dir='ltr'>accedere</span> <span class='ocrx_word' id='word_1_125' title='bbox 1070 1562 1425 1637; x_wconf 82' lang='lat' dir='ltr'>voluissent,</span> <span class='ocrx_word' id='word_1_126' title='bbox 1485 1581 1667 1622; x_wconf 82' lang='lat' dir='ltr'>naves</span> <span class='ocrx_word' id='word_1_127' title='bbox 1726 1582 1907 1639; x_wconf 87' lang='lat' dir='ltr'>supra</span> <span class='ocrx_word' id='word_1_128' title='bbox 1960 1565 2405 1642; x_wconf 83' lang='lat' dir='ltr'>aggerationem</span> <span class='ocrx_word' id='word_1_129' title='bbox 2434 1585 2489 1626; x_wconf 78' lang='lat'>15</span> 
     </span>
     <span class='ocr_line' id='line_1_17' title="bbox 389 1650 2407 1726; baseline 0.002 -18"><span class='ocrx_word' id='word_1_130' title='bbox 389 1669 543 1726; x_wconf 90' lang='lat' dir='ltr'>quae</span> <span class='ocrx_word' id='word_1_131' title='bbox 595 1652 796 1709; x_wconf 87' lang='lat' dir='ltr'>fuerat</span> <span class='ocrx_word' id='word_1_132' title='bbox 849 1650 958 1710; x_wconf 90' lang='lat' dir='ltr'>sub</span> <span class='ocrx_word' id='word_1_133' title='bbox 1014 1669 1173 1726; x_wconf 88' lang='lat' dir='ltr'>aqua</span> <span class='ocrx_word' id='word_1_134' title='bbox 1227 1651 1505 1711; x_wconf 81' lang='lat' dir='ltr'>sederunt</span> <span class='ocrx_word' id='word_1_135' title='bbox 1554 1671 1663 1711; x_wconf 88' lang='lat' dir='ltr'>nec</span> <span class='ocrx_word' id='word_1_136' title='bbox 1709 1652 1787 1711; x_wconf 88' lang='lat' dir='ltr'>ad</span> <span class='ocrx_word' id='word_1_137' title='bbox 1838 1672 2077 1712; x_wconf 85' lang='lat' dir='ltr'>murum</span> <span class='ocrx_word' id='word_1_138' title='bbox 2131 1654 2407 1712; x_wconf 87' lang='lat' dir='ltr'>accedere</span> 
     </span>
     <span class='ocr_line' id='line_1_18' title="bbox 387 1740 2405 1817; baseline 0.002 -19"><span class='ocrx_word' id='word_1_139' title='bbox 387 1758 498 1799; x_wconf 90' lang='lat' dir='ltr'>nec</span> <span class='ocrx_word' id='word_1_140' title='bbox 541 1741 832 1798; x_wconf 80' lang='lat' dir='ltr'>retrorsus</span> <span class='ocrx_word' id='word_1_141' title='bbox 876 1757 940 1798; x_wconf 86' lang='lat' dir='ltr'>se</span> <span class='ocrx_word' id='word_1_142' title='bbox 984 1740 1244 1817; x_wconf 88' lang='lat' dir='ltr'>recipere</span> <span class='ocrx_word' id='word_1_143' title='bbox 1288 1743 1630 1816; x_wconf 85' lang='lat' dir='ltr'>potuerunt,</span> <span class='ocrx_word' id='word_1_144' title='bbox 1674 1741 1777 1800; x_wconf 88' lang='lat' dir='ltr'>sed</span> <span class='ocrx_word' id='word_1_145' title='bbox 1820 1740 1904 1800; x_wconf 92' lang='lat' dir='ltr'>ibi</span> <span class='ocrx_word' id='word_1_146' title='bbox 1939 1741 2233 1802; x_wconf 82' lang='lat' dir='ltr'>malleolis</span> <span class='ocrx_word' id='word_1_147' title='bbox 2270 1761 2405 1808; x_wconf 87' lang='lat' dir='ltr'>con·</span> 
     </span>
     <span class='ocr_line' id='line_1_19' title="bbox 387 1827 2407 1906; baseline 0.002 -20"><span class='ocrx_word' id='word_1_148' title='bbox 387 1827 539 1887; x_wconf 79' lang='lat' dir='ltr'>fixae</span> <span class='ocrx_word' id='word_1_149' title='bbox 592 1827 862 1887; x_wconf 90' lang='lat' dir='ltr'>incendio</span> <span class='ocrx_word' id='word_1_150' title='bbox 918 1831 1058 1887; x_wconf 87' lang='lat' dir='ltr'>sunt</span> <span class='ocrx_word' id='word_1_151' title='bbox 1112 1829 1527 1906; x_wconf 89' lang='lat' dir='ltr'>conflagratae.</span> <span class='ocrx_word' id='word_1_152' title='bbox 1614 1829 1939 1905; x_wconf 88' lang='lat' dir='ltr'>Apollonia</span> <span class='ocrx_word' id='word_1_153' title='bbox 1992 1849 2228 1906; x_wconf 92' lang='lat' dir='ltr'>quoque</span> <span class='ocrx_word' id='word_1_154' title='bbox 2272 1850 2407 1890; x_wconf 89' lang='lat' dir='ltr'>cum</span> 
     </span>
     <span class='ocr_line' id='line_1_20' title="bbox 391 1908 2516 1999; baseline 0.003 -23"><span class='ocrx_word' id='word_1_155' title='bbox 391 1908 932 1999; x_wconf 69' lang='lat' dir='ltr'>circumsedelretur</span> <span class='ocrx_word' id='word_1_156' title='bbox 975 1920 1037 1977; x_wconf 90' lang='lat' dir='ltr'>et</span> <span class='ocrx_word' id='word_1_157' title='bbox 1080 1935 1286 1994; x_wconf 87' lang='lat' dir='ltr'>specus</span> <span class='ocrx_word' id='word_1_158' title='bbox 1331 1918 1531 1979; x_wconf 88' lang='lat' dir='ltr'>hostes</span> <span class='ocrx_word' id='word_1_159' title='bbox 1575 1918 1853 1979; x_wconf 89' lang='lat' dir='ltr'>fodiendo</span> <span class='ocrx_word' id='word_1_160' title='bbox 1900 1919 2234 1997; x_wconf 85' lang='lat' dir='ltr'>cogitarent</span> <span class='ocrx_word' id='word_1_161' title='bbox 2276 1919 2404 1980; x_wconf 86' lang='lat' dir='ltr'>sine</span> <span class='ocrx_word' id='word_1_162' title='bbox 2424 1931 2516 1983; x_wconf 87' lang='lat'><strong>(10)</strong></span> 
     </span>
     <span class='ocr_line' id='line_1_21' title="bbox 389 2006 2491 2085; baseline 0.002 -20"><span class='ocrx_word' id='word_1_163' title='bbox 389 2006 724 2081; x_wconf 90' lang='lat' dir='ltr'>suspicione</span> <span class='ocrx_word' id='word_1_164' title='bbox 769 2007 928 2065; x_wconf 87' lang='lat' dir='ltr'>intra</span> <span class='ocrx_word' id='word_1_165' title='bbox 971 2008 1206 2065; x_wconf 89' lang='lat' dir='ltr'>moenia</span> <span class='ocrx_word' id='word_1_166' title='bbox 1249 2010 1559 2082; x_wconf 88' lang='lat' dir='ltr'>penetrare</span> <span class='ocrx_word' id='word_1_167' title='bbox 1572 2052 1588 2083; x_wconf 90' lang='lat'><strong>‚</strong></span> <span class='ocrx_word' id='word_1_168' title='bbox 1640 2008 1704 2065; x_wconf 93' lang='lat' dir='ltr'>id</span> <span class='ocrx_word' id='word_1_169' title='bbox 1749 2011 1949 2067; x_wconf 89' lang='lat' dir='ltr'>autem</span> <span class='ocrx_word' id='word_1_170' title='bbox 1983 2027 2032 2067; x_wconf 87' lang='lat' dir='ltr'>-a</span> <span class='ocrx_word' id='word_1_171' title='bbox 2076 2010 2407 2085; x_wconf 88' lang='lat' dir='ltr'>speculato·</span> <span class='ocrx_word' id='word_1_172' title='bbox 2436 2031 2491 2069; x_wconf 69' lang='lat' dir='ltr'>so</span> 
     </span>
     <span class='ocr_line' id='line_1_22' title="bbox 387 2093 2409 2173; baseline 0.003 -22"><span class='ocrx_word' id='word_1_173' title='bbox 387 2093 551 2153; x_wconf 88' lang='lat' dir='ltr'>ribus</span> <span class='ocrx_word' id='word_1_174' title='bbox 606 2096 761 2153; x_wconf 88' lang='lat' dir='ltr'>esset</span> <span class='ocrx_word' id='word_1_175' title='bbox 801 2094 1285 2169; x_wconf 84' lang='lat' dir='ltr'>Apolloniatibus</span> <span class='ocrx_word' id='word_1_176' title='bbox 1336 2096 1767 2173; x_wconf 86' lang='lat' dir='ltr'>renuntiatum,</span> <span class='ocrx_word' id='word_1_177' title='bbox 1818 2097 2155 2173; x_wconf 89' lang='lat' dir='ltr'>perturbati</span> <span class='ocrx_word' id='word_1_178' title='bbox 2196 2098 2409 2157; x_wconf 90' lang='lat' dir='ltr'>nuntio</span> 
     </span>
     <span class='ocr_line' id='line_1_23' title="bbox 390 2182 2409 2262; baseline 0.003 -23"><span class='ocrx_word' id='word_1_179' title='bbox 390 2185 634 2258; x_wconf 91' lang='lat' dir='ltr'>propter</span> <span class='ocrx_word' id='word_1_180' title='bbox 695 2182 970 2241; x_wconf 88' lang='lat' dir='ltr'>timorem</span> <span class='ocrx_word' id='word_1_181' title='bbox 1033 2184 1293 2243; x_wconf 87' lang='lat' dir='ltr'>consiliis</span> <span class='ocrx_word' id='word_1_182' title='bbox 1364 2184 1697 2261; x_wconf 88' lang='lat' dir='ltr'>indigentes</span> <span class='ocrx_word' id='word_1_183' title='bbox 1762 2186 1976 2245; x_wconf 89' lang='lat' dir='ltr'>animis</span> <span class='ocrx_word' id='word_1_184' title='bbox 2040 2186 2409 2262; x_wconf 87' lang='lat' dir='ltr'>deficiebant,</span> 
     </span>
     <span class='ocr_line' id='line_1_24' title="bbox 394 2271 2412 2351; baseline 0.002 -22"><span class='ocrx_word' id='word_1_185' title='bbox 394 2271 554 2348; x_wconf 89' lang='lat' dir='ltr'>quod</span> <span class='ocrx_word' id='word_1_186' title='bbox 612 2289 804 2345; x_wconf 89' lang='lat' dir='ltr'>neque</span> <span class='ocrx_word' id='word_1_187' title='bbox 857 2273 1092 2347; x_wconf 91' lang='lat' dir='ltr'>tempus</span> <span class='ocrx_word' id='word_1_188' title='bbox 1143 2291 1336 2347; x_wconf 88' lang='lat' dir='ltr'>neque</span> <span class='ocrx_word' id='word_1_189' title='bbox 1388 2276 1616 2331; x_wconf 87' lang='lat' dir='ltr'>certum</span> <span class='ocrx_word' id='word_1_190' title='bbox 1666 2274 1865 2332; x_wconf 84' lang='lat' dir='ltr'>locum</span> <span class='ocrx_word' id='word_1_191' title='bbox 1917 2275 2065 2334; x_wconf 88' lang='lat' dir='ltr'>scire</span> <span class='ocrx_word' id='word_1_192' title='bbox 2127 2278 2412 2351; x_wconf 88' lang='lat' dir='ltr'>poterant</span> 
     </span>
    </p>

    <p class='ocr_par' dir='ltr' id='par_1_5' title="bbox 289 2352 2519 2706">
     <span class='ocr_line' id='line_1_25' title="bbox 289 2352 2519 2441; baseline 0.004 -24"><span class='ocrx_word' id='word_1_193' title='bbox 289 2374 360 2424; x_wconf 87' lang='lat'>10</span> <span class='ocrx_word' id='word_1_194' title='bbox 397 2378 514 2435; x_wconf 88' lang='lat' dir='ltr'>quo</span> <span class='ocrx_word' id='word_1_195' title='bbox 561 2377 851 2418; x_wconf 92' lang='lat' dir='ltr'>emersum</span> <span class='ocrx_word' id='word_1_196' title='bbox 893 2361 1112 2419; x_wconf 86' lang='lat' dir='ltr'>facturi</span> <span class='ocrx_word' id='word_1_197' title='bbox 1153 2352 1160 2441; x_wconf 90' lang='grc' dir='ltr'>Ι</span> <span class='ocrx_word' id='word_1_198' title='bbox 1199 2361 1453 2421; x_wconf 87' lang='lat' dir='ltr'>fuissent</span> <span class='ocrx_word' id='word_1_199' title='bbox 1501 2362 1718 2421; x_wconf 89' lang='lat' dir='ltr'>hostes.</span> <span class='ocrx_word' id='word_1_200' title='bbox 1806 2366 1937 2421; x_wconf 91' lang='lat' dir='ltr'>tum</span> <span class='ocrx_word' id='word_1_201' title='bbox 1978 2382 2120 2423; x_wconf 82' lang='lat' dir='ltr'>vero</span> <span class='ocrx_word' id='word_1_202' title='bbox 2166 2364 2407 2440; x_wconf 83' lang='lat' dir='ltr'>Trypho</span> <span class='ocrx_word' id='word_1_203' title='bbox 2426 2376 2519 2426; x_wconf 84' lang='lat'>(1⁵)</span> 
     </span>
     <span class='ocr_line' id='line_1_26' title="bbox 391 2447 2492 2530; baseline 0.003 -24"><span class='ocrx_word' id='word_1_204' title='bbox 391 2447 830 2507; x_wconf 81' lang='lat' dir='ltr'>Alexandrinus</span> <span class='ocrx_word' id='word_1_205' title='bbox 876 2449 960 2508; x_wconf 91' lang='lat' dir='ltr'>ibi</span> <span class='ocrx_word' id='word_1_206' title='bbox 1003 2450 1202 2508; x_wconf 87' lang='lat' dir='ltr'>fuerat</span> <span class='ocrx_word' id='word_1_207' title='bbox 1246 2450 1620 2510; x_wconf 86' lang='lat' dir='ltr'>architectus.</span> <span class='ocrx_word' id='word_1_208' title='bbox 1698 2452 1750 2509; x_wconf 90' lang='lat' dir='ltr'>is</span> <span class='ocrx_word' id='word_1_209' title='bbox 1794 2452 1957 2511; x_wconf 86' lang='lat' dir='ltr'>intra</span> <span class='ocrx_word' id='word_1_210' title='bbox 1998 2472 2233 2511; x_wconf 90' lang='lat' dir='ltr'>murum</span> <span class='ocrx_word' id='word_1_211' title='bbox 2276 2453 2407 2530; x_wconf 93' lang='lat' dir='ltr'>plu·</span> <span class='ocrx_word' id='word_1_212' title='bbox 2437 2474 2492 2514; x_wconf 79' lang='lat'>25</span> 
     </span>
     <span class='ocr_line' id='line_1_27' title="bbox 390 2537 2456 2618; baseline 0.004 -23"><span class='ocrx_word' id='word_1_213' title='bbox 390 2555 486 2596; x_wconf 88' lang='lat' dir='ltr'>res</span> <span class='ocrx_word' id='word_1_214' title='bbox 541 2555 746 2613; x_wconf 89' lang='lat' dir='ltr'>specus</span> <span class='ocrx_word' id='word_1_215' title='bbox 801 2537 1138 2616; x_wconf 85' lang='lat' dir='ltr'>designavit</span> <span class='ocrx_word' id='word_1_216' title='bbox 1191 2541 1252 2598; x_wconf 93' lang='lat' dir='ltr'>et</span> <span class='ocrx_word' id='word_1_217' title='bbox 1313 2538 1591 2598; x_wconf 87' lang='lat' dir='ltr'>fodiendo</span> <span class='ocrx_word' id='word_1_218' title='bbox 1645 2542 1868 2598; x_wconf 90' lang='lat' dir='ltr'>terram</span> <span class='ocrx_word' id='word_1_219' title='bbox 1919 2540 2411 2618; x_wconf 88' lang='lat' dir='ltr'>progrediebatur</span> <span class='ocrx_word' id='word_1_220' title='bbox 2450 2598 2456 2603; x_wconf 91' lang='lat'>.</span> 
     </span>
     <span class='ocr_line' id='line_1_28' title="bbox 394 2627 2409 2706; baseline 0.002 -22"><span class='ocrx_word' id='word_1_221' title='bbox 394 2628 561 2685; x_wconf 87' lang='lat' dir='ltr'>extra</span> <span class='ocrx_word' id='word_1_222' title='bbox 622 2646 857 2685; x_wconf 89' lang='lat' dir='ltr'>murum</span> <span class='ocrx_word' id='word_1_223' title='bbox 919 2627 1230 2686; x_wconf 84' lang='lat' dir='ltr'>dumtaxat</span> <span class='ocrx_word' id='word_1_224' title='bbox 1292 2630 1459 2687; x_wconf 87' lang='lat' dir='ltr'>extra</span> <span class='ocrx_word' id='word_1_225' title='bbox 1521 2628 1777 2706; x_wconf 86' lang='lat' dir='ltr'>sagittae</span> <span class='ocrx_word' id='word_1_226' title='bbox 1838 2628 2178 2690; x_wconf 88' lang='lat' dir='ltr'>missionem</span> <span class='ocrx_word' id='word_1_227' title='bbox 2232 2631 2293 2689; x_wconf 91' lang='lat' dir='ltr'>et</span> <span class='ocrx_word' id='word_1_228' title='bbox 2342 2629 2409 2689; x_wconf 90' lang='lat' dir='ltr'>in</span> 
     </span>
    </p>
   </div>
   <div class='ocr_carea' id='block_1_3' title="bbox 388 2782 816 2793">
    <p class='ocr_par' dir='ltr' id='par_1_6' title="bbox 388 2782 816 2793">
     <span class='ocr_line' id='line_1_29' title="bbox 388 2782 816 2793; baseline 0 1134"><span class='ocrx_word' id='word_1_229' title='bbox 388 2782 816 2793; x_wconf 95' lang='lat' dir='ltr'> </span> 
     </span>
    </p>
   </div>
   <div class='ocr_carea' id='block_1_4' title="bbox 391 2883 2413 3598">
    <p class='ocr_par' dir='ltr' id='par_1_7' title="bbox 391 2883 2413 3598">
     <span class='ocr_line' id='line_1_30' title="bbox 539 2883 2407 2957; baseline 0.002 -20"><span class='ocrx_word' id='word_1_230' title='bbox 539 2890 567 2937; x_wconf 88' lang='lat'><strong>1</strong></span> <span class='ocrx_word' id='word_1_231' title='bbox 605 2884 904 2953; x_wconf 80' lang='lat' dir='ltr'>heliopolis</span> <span class='ocrx_word' id='word_1_232' title='bbox 939 2902 996 2940; x_wconf 72' lang='lat' dir='ltr'>x.</span> <span class='ocrx_word' id='word_1_233' title='bbox 1023 2886 1044 2955; x_wconf 83' lang='grc' dir='ltr'>ΙΙ</span> <span class='ocrx_word' id='word_1_234' title='bbox 1070 2889 1103 2938; x_wconf 83' lang='lat'><strong>3</strong></span> <span class='ocrx_word' id='word_1_235' title='bbox 1141 2883 1335 2955; x_wconf 88' lang='lat' dir='ltr'>egredi</span> <span class='ocrx_word' id='word_1_236' title='bbox 1368 2902 1425 2940; x_wconf 70' lang='grc' dir='ltr'>ω.</span> <span class='ocrx_word' id='word_1_237' title='bbox 1453 2887 1473 2955; x_wconf 72' lang='lat' dir='ltr'>fl</span> <span class='ocrx_word' id='word_1_238' title='bbox 1499 2890 1532 2939; x_wconf 86' lang='lat'>8</span> <span class='ocrx_word' id='word_1_239' title='bbox 1568 2884 1892 2957; x_wconf 90' lang='lat' dir='ltr'>heliopolim</span> <span class='ocrx_word' id='word_1_240' title='bbox 1926 2904 1981 2946; x_wconf 74' lang='grc' dir='ltr'>ω.</span> <span class='ocrx_word' id='word_1_241' title='bbox 2007 2888 2029 2957; x_wconf 79' lang='grc' dir='ltr'><em>η</em></span> <span class='ocrx_word' id='word_1_242' title='bbox 2056 2892 2088 2941; x_wconf 86' lang='grc'>9</span> <span class='ocrx_word' id='word_1_243' title='bbox 2124 2884 2407 2941; x_wconf 88' lang='lat' dir='ltr'>manubiis</span> 
     </span>
     <span class='ocr_line' id='line_1_31' title="bbox 398 2954 2407 3027; baseline 0.001 -17"><span class='ocrx_word' id='word_1_244' title='bbox 398 2954 475 3011; x_wconf 76' lang='lat' dir='ltr'>G:</span> <span class='ocrx_word' id='word_1_245' title='bbox 512 2954 789 3009; x_wconf 88' lang='lat' dir='ltr'>manubus</span> <span class='ocrx_word' id='word_1_246' title='bbox 817 2956 918 3024; x_wconf 63' lang='grc' dir='ltr'>ΗΘ,</span> <span class='ocrx_word' id='word_1_247' title='bbox 952 2954 1214 3010; x_wconf 88' lang='lat' dir='ltr'>manibus</span> <span class='ocrx_word' id='word_1_248' title='bbox 1251 2954 1355 3024; x_wconf 84' lang='lat' dir='ltr'>(-b;</span> <span class='ocrx_word' id='word_1_249' title='bbox 1383 2954 1451 3024; x_wconf 80' lang='lat' dir='ltr'>S)</span> <span class='ocrx_word' id='word_1_250' title='bbox 1480 2956 1600 3012; x_wconf 77' lang='lat' dir='ltr'>Es,</span> <span class='ocrx_word' id='word_1_251' title='bbox 1655 2958 1675 3027; x_wconf 75' lang='grc' dir='ltr'>ΙΙ</span> <span class='ocrx_word' id='word_1_252' title='bbox 1726 2962 1795 3011; x_wconf 87' lang='grc'>13</span> <span class='ocrx_word' id='word_1_253' title='bbox 1832 2959 2003 3011; x_wconf 86' lang='lat' dir='ltr'>noctu</span> <span class='ocrx_word' id='word_1_254' title='bbox 2036 2956 2123 3011; x_wconf 89' lang='lat' dir='ltr'>hii</span> <span class='ocrx_word' id='word_1_255' title='bbox 2148 2956 2370 3027; x_wconf 59' lang='lat' dir='ltr'>118(OE</span> <span class='ocrx_word' id='word_1_256' title='bbox 2392 3002 2407 3027; x_wconf 91' lang='lat'>,</span> 
     </span>
     <span class='ocr_line' id='line_1_32' title="bbox 391 3025 2410 3099; baseline 0.001 -20"><span class='ocrx_word' id='word_1_257' title='bbox 391 3028 565 3082; x_wconf 86' lang='lat' dir='ltr'>noctu</span> <span class='ocrx_word' id='word_1_258' title='bbox 599 3025 661 3079; x_wconf 88' lang='lat' dir='ltr'>hi</span> <span class='ocrx_word' id='word_1_259' title='bbox 687 3026 750 3079; x_wconf 86' lang='lat' dir='ltr'><strong><em>E</em></strong></span> <span class='ocrx_word' id='word_1_260' title='bbox 759 3026 827 3082; x_wconf 73' lang='lat' dir='ltr'>G.</span> <span class='ocrx_word' id='word_1_261' title='bbox 881 3029 899 3095; x_wconf 65' lang='grc' dir='ltr'><strong><em>η</em></strong></span> <span class='ocrx_word' id='word_1_262' title='bbox 955 3031 1022 3081; x_wconf 82' lang='lat'>14</span> <span class='ocrx_word' id='word_1_263' title='bbox 1057 3030 1455 3097; x_wconf 83' lang='lat' dir='ltr'>progesserunt</span> <span class='ocrx_word' id='word_1_264' title='bbox 1490 3028 1559 3081; x_wconf 90' lang='lat' dir='ltr'><strong><em>H</em></strong></span> <span class='ocrx_word' id='word_1_265' title='bbox 1563 3028 1710 3083; x_wconf 71' lang='lat' dir='ltr'>EG:</span> <span class='ocrx_word' id='word_1_266' title='bbox 1746 3030 2168 3097; x_wconf 72' lang='lat' dir='ltr'>progr-esserunt</span> <span class='ocrx_word' id='word_1_267' title='bbox 2194 3028 2317 3098; x_wconf 81' lang='lat' dir='ltr'>S(L</span> <span class='ocrx_word' id='word_1_268' title='bbox 2386 3032 2410 3099; x_wconf 91' lang='lat'><em>)</em></span> 
     </span>
     <span class='ocr_line' id='line_1_33' title="bbox 393 3097 2411 3167; baseline 0.002 -16"><span class='ocrx_word' id='word_1_269' title='bbox 393 3102 445 3152; x_wconf 79' lang='lat' dir='ltr'>et</span> <span class='ocrx_word' id='word_1_270' title='bbox 489 3098 638 3167; x_wconf 70' lang='lat' dir='ltr'>(emto</span> <span class='ocrx_word' id='word_1_271' title='bbox 680 3099 812 3167; x_wconf 75' lang='lat' dir='ltr'>ras.)</span> <span class='ocrx_word' id='word_1_272' title='bbox 848 3097 920 3151; x_wconf 88' lang='grc' dir='ltr'>Ε.</span> <span class='ocrx_word' id='word_1_273' title='bbox 974 3099 994 3166; x_wconf 77' lang='grc' dir='ltr'>ΙΙ</span> <span class='ocrx_word' id='word_1_274' title='bbox 1050 3102 1116 3152; x_wconf 82' lang='grc'>16</span> <span class='ocrx_word' id='word_1_275' title='bbox 1152 3098 1378 3152; x_wconf 86' lang='lat' dir='ltr'>fuerant</span> <span class='ocrx_word' id='word_1_276' title='bbox 1410 3114 1453 3153; x_wconf 75' lang='lat' dir='ltr'>a:</span> <span class='ocrx_word' id='word_1_277' title='bbox 1488 3100 1607 3167; x_wconf 88' lang='lat' dir='ltr'>(om.</span> <span class='ocrx_word' id='word_1_278' title='bbox 1645 3116 1766 3153; x_wconf 76' lang='lat' dir='ltr'>cmn</span> <span class='ocrx_word' id='word_1_279' title='bbox 1800 3116 1848 3154; x_wconf 87' lang='lat' dir='ltr'>v.</span> <span class='ocrx_word' id='word_1_280' title='bbox 1888 3102 2032 3153; x_wconf 81' lang='lat'><em>5--7</em></span> <span class='ocrx_word' id='word_1_281' title='bbox 2068 3097 2112 3154; x_wconf 80' lang='lat' dir='ltr'><strong><em>S</em></strong></span> <span class='ocrx_word' id='word_1_282' title='bbox 2150 3100 2249 3155; x_wconf 78' lang='lat' dir='ltr'>ubi</span> <span class='ocrx_word' id='word_1_283' title='bbox 2290 3100 2411 3155; x_wconf 75' lang='lat' dir='ltr'>sine</span> 
     </span>
     <span class='ocr_line' id='line_1_34' title="bbox 393 3166 2411 3241; baseline 0.001 -19"><span class='ocrx_word' id='word_1_284' title='bbox 393 3183 535 3223; x_wconf 81' lang='lat' dir='ltr'>corr.</span> <span class='ocrx_word' id='word_1_285' title='bbox 572 3166 658 3221; x_wconf 86' lang='lat' dir='ltr'>ita</span> <span class='ocrx_word' id='word_1_286' title='bbox 691 3166 780 3221; x_wconf 89' lang='lat' dir='ltr'>illi</span> <span class='ocrx_word' id='word_1_287' title='bbox 813 3170 1084 3222; x_wconf 82' lang='lat' dir='ltr'>retrorsus</span> <span class='ocrx_word' id='word_1_288' title='bbox 1122 3185 1182 3223; x_wconf 87' lang='lat' dir='ltr'>se</span> <span class='ocrx_word' id='word_1_289' title='bbox 1216 3167 1463 3238; x_wconf 88' lang='lat' dir='ltr'>recipere</span> <span class='ocrx_word' id='word_1_290' title='bbox 1497 3172 1589 3240; x_wconf 88' lang='lat' dir='ltr'>p.).</span> <span class='ocrx_word' id='word_1_291' title='bbox 1648 3172 1657 3239; x_wconf 85' lang='grc' dir='ltr'>Ι</span> <span class='ocrx_word' id='word_1_292' title='bbox 1704 3174 1770 3223; x_wconf 81' lang='grc'>17</span> <span class='ocrx_word' id='word_1_293' title='bbox 1806 3168 2103 3225; x_wconf 89' lang='lat' dir='ltr'>malleonis</span> <span class='ocrx_word' id='word_1_294' title='bbox 2130 3170 2188 3225; x_wconf 86' lang='lat' dir='ltr'><em>E</em></span> <span class='ocrx_word' id='word_1_295' title='bbox 2204 3170 2255 3227; x_wconf 72' lang='lat' dir='ltr'><strong><em>G</em></strong></span> <span class='ocrx_word' id='word_1_296' title='bbox 2290 3169 2411 3241; x_wconf 86' lang='lat' dir='ltr'>(-lis</span> 
     </span>
     <span class='ocr_line' id='line_1_35' title="bbox 398 3237 2413 3321; baseline 0.003 -30"><span class='ocrx_word' id='word_1_297' title='bbox 398 3237 567 3291; x_wconf 73' lang='lat' dir='ltr'><strong><em>G⁶==</em></strong></span> <span class='ocrx_word' id='word_1_298' title='bbox 597 3237 751 3308; x_wconf 84' lang='lat' dir='ltr'>HS).</span> <span class='ocrx_word' id='word_1_299' title='bbox 815 3240 836 3308; x_wconf 81' lang='grc' dir='ltr'>ΙΙ</span> <span class='ocrx_word' id='word_1_300' title='bbox 900 3244 966 3292; x_wconf 89' lang='grc'>18</span> <span class='ocrx_word' id='word_1_301' title='bbox 1021 3238 1324 3321; x_wconf 89' lang='lat' dir='ltr'>appolonia</span> <span class='ocrx_word' id='word_1_302' title='bbox 1361 3239 1430 3292; x_wconf 90' lang='lat' dir='ltr'><strong><em>H</em></strong></span> <span class='ocrx_word' id='word_1_303' title='bbox 1474 3242 1643 3313; x_wconf 88' lang='lat' dir='ltr'>(appo</span> <span class='ocrx_word' id='word_1_304' title='bbox 1688 3240 1821 3295; x_wconf 85' lang='lat' dir='ltr'>onia</span> <span class='ocrx_word' id='word_1_305' title='bbox 1856 3241 1923 3309; x_wconf 78' lang='lat' dir='ltr'>S,</span> <span class='ocrx_word' id='word_1_306' title='bbox 1976 3258 2012 3295; x_wconf 87' lang='lat' dir='ltr'>a</span> <span class='ocrx_word' id='word_1_307' title='bbox 2085 3239 2146 3295; x_wconf 93' lang='lat' dir='ltr'>ll.</span> <span class='ocrx_word' id='word_1_308' title='bbox 2184 3240 2342 3311; x_wconf 74' lang='lat' dir='ltr'><em>EG).</em></span> <span class='ocrx_word' id='word_1_309' title='bbox 2390 3242 2413 3314; x_wconf 77' lang='grc' dir='ltr'><strong>Η</strong></span> 
     </span>
     <span class='ocr_line' id='line_1_36' title="bbox 394 3308 2410 3381; baseline 0.003 -22"><span class='ocrx_word' id='word_1_310' title='bbox 394 3312 460 3360; x_wconf 82' lang='grc'>21</span> <span class='ocrx_word' id='word_1_311' title='bbox 498 3308 696 3363; x_wconf 88' lang='lat' dir='ltr'>nuntio</span> <span class='ocrx_word' id='word_1_312' title='bbox 725 3308 859 3364; x_wconf 85' lang='lat' dir='ltr'>HS:</span> <span class='ocrx_word' id='word_1_313' title='bbox 897 3309 1083 3363; x_wconf 89' lang='lat' dir='ltr'>nunti1</span> <span class='ocrx_word' id='word_1_314' title='bbox 1119 3311 1257 3366; x_wconf 77' lang='lat' dir='ltr'>EG.</span> <span class='ocrx_word' id='word_1_315' title='bbox 1312 3312 1332 3380; x_wconf 82' lang='grc' dir='ltr'>ΙΙ</span> <span class='ocrx_word' id='word_1_316' title='bbox 1386 3316 1456 3364; x_wconf 80' lang='lat'>24</span> <span class='ocrx_word' id='word_1_317' title='bbox 1491 3313 1612 3366; x_wconf 87' lang='lat' dir='ltr'>tum</span> <span class='ocrx_word' id='word_1_318' title='bbox 1648 3310 1785 3367; x_wconf 85' lang='lat' dir='ltr'>HS:</span> <span class='ocrx_word' id='word_1_319' title='bbox 1825 3314 1959 3367; x_wconf 85' lang='lat' dir='ltr'>tunc</span> <span class='ocrx_word' id='word_1_320' title='bbox 2030 3312 2122 3369; x_wconf 62' lang='lat'>¹64.</span> <span class='ocrx_word' id='word_1_321' title='bbox 2179 3313 2199 3381; x_wconf 77' lang='grc' dir='ltr'>ΙΙ</span> <span class='ocrx_word' id='word_1_322' title='bbox 2250 3316 2321 3365; x_wconf 80' lang='lat'>25</span> <span class='ocrx_word' id='word_1_323' title='bbox 2358 3310 2410 3365; x_wconf 90' lang='lat' dir='ltr'>is</span> 
     </span>
     <span class='ocr_line' id='line_1_37' title="bbox 393 3379 2409 3453; baseline 0.004 -22"><span class='ocrx_word' id='word_1_324' title='bbox 393 3392 494 3431; x_wconf 88' lang='lat' dir='ltr'>om.</span> <span class='ocrx_word' id='word_1_325' title='bbox 531 3394 585 3432; x_wconf 73' lang='grc' dir='ltr'>ω.</span> <span class='ocrx_word' id='word_1_326' title='bbox 655 3382 664 3447; x_wconf 86' lang='grc' dir='ltr'>Ι</span> <span class='ocrx_word' id='word_1_327' title='bbox 728 3379 1086 3449; x_wconf 84' lang='lat' dir='ltr'>plurespeous</span> <span class='ocrx_word' id='word_1_328' title='bbox 1142 3383 1290 3446; x_wconf 75' lang='lat' dir='ltr'>(ante</span> <span class='ocrx_word' id='word_1_329' title='bbox 1342 3384 1501 3451; x_wconf 64' lang='lat' dir='ltr'>corr.)</span> <span class='ocrx_word' id='word_1_330' title='bbox 1544 3382 1623 3437; x_wconf 87' lang='lat' dir='ltr'>H.</span> <span class='ocrx_word' id='word_1_331' title='bbox 1686 3384 1706 3451; x_wconf 78' lang='grc' dir='ltr'>ΙΙ</span> <span class='ocrx_word' id='word_1_332' title='bbox 1769 3388 1837 3437; x_wconf 79' lang='lat'>26</span> <span class='ocrx_word' id='word_1_333' title='bbox 1892 3398 2090 3452; x_wconf 86' lang='lat' dir='ltr'>specus</span> <span class='ocrx_word' id='word_1_334' title='bbox 2140 3382 2409 3453; x_wconf 73' lang='lat' dir='ltr'>HS(G⁶)=</span> 
     </span>
     <span class='ocr_line' id='line_1_38' title="bbox 395 3447 2411 3524; baseline 0.006 -27"><span class='ocrx_word' id='word_1_335' title='bbox 395 3450 574 3515; x_wconf 78' lang='lat' dir='ltr'>spec(t</span> <span class='ocrx_word' id='word_1_336' title='bbox 603 3447 758 3517; x_wconf 82' lang='lat' dir='ltr'>G)ies</span> <span class='ocrx_word' id='word_1_337' title='bbox 787 3450 908 3507; x_wconf 71' lang='lat' dir='ltr'>EG</span> <span class='ocrx_word' id='word_1_338' title='bbox 943 3450 1026 3520; x_wconf 62' lang='grc' dir='ltr'>(ιδ’ο</span> <span class='ocrx_word' id='word_1_339' title='bbox 1058 3452 1123 3505; x_wconf 74' lang='lat' dir='ltr'>in</span> <span class='ocrx_word' id='word_1_340' title='bbox 1155 3468 1327 3523; x_wconf 61' lang='lat' dir='ltr'>mam-9.</span> <span class='ocrx_word' id='word_1_341' title='bbox 1352 3452 1392 3481; x_wconf 50' lang='grc' dir='ltr'><em>Α</em></span> <span class='ocrx_word' id='word_1_342' title='bbox 1407 3456 1434 3506; x_wconf 84' lang='grc' dir='ltr'>Ῑ</span> <span class='ocrx_word' id='word_1_343' title='bbox 1470 3452 1707 3524; x_wconf 87' lang='lat' dir='ltr'>speciis).</span> <span class='ocrx_word' id='word_1_344' title='bbox 1736 3455 1755 3523; x_wconf 78' lang='grc' dir='ltr'>ΙΙ</span> <span class='ocrx_word' id='word_1_345' title='bbox 1782 3458 1850 3507; x_wconf 82' lang='grc'>27</span> <span class='ocrx_word' id='word_1_346' title='bbox 1888 3452 2133 3524; x_wconf 84' lang='lat' dir='ltr'>sagitta.</span> <span class='ocrx_word' id='word_1_347' title='bbox 2156 3452 2411 3509; x_wconf 83' lang='lat' dir='ltr'>emissio—</span> 
     </span>
     <span class='ocr_line' id='line_1_39' title="bbox 393 3516 1781 3598; baseline 0.011 -33"><span class='ocrx_word' id='word_1_348' title='bbox 393 3530 526 3567; x_wconf 88' lang='lat' dir='ltr'>nem</span> <span class='ocrx_word' id='word_1_349' title='bbox 552 3516 631 3585; x_wconf 89' lang='lat' dir='ltr'>H,</span> <span class='ocrx_word' id='word_1_350' title='bbox 668 3519 876 3593; x_wconf 67' lang='lat' dir='ltr'>sagitte</span> <span class='ocrx_word' id='word_1_351' title='bbox 913 3520 1063 3576; x_wconf 85' lang='lat' dir='ltr'>miss.</span> <span class='ocrx_word' id='word_1_352' title='bbox 1095 3522 1152 3590; x_wconf 76' lang='lat' dir='ltr'>S,</span> <span class='ocrx_word' id='word_1_353' title='bbox 1187 3523 1395 3598; x_wconf 63' lang='lat' dir='ltr'>sagitte</span> <span class='ocrx_word' id='word_1_354' title='bbox 1434 3524 1615 3579; x_wconf 77' lang='lat' dir='ltr'>omiss.</span> <span class='ocrx_word' id='word_1_355' title='bbox 1646 3525 1781 3580; x_wconf 69' lang='lat' dir='ltr'>EG.</span> 
     </span>
    </p>
   </div>
  </div>
 </body>
</html>
