2664 3927
766 186 859 239 DE
898 185 1458 241 ARCHITECTURA
1493 186 1622 239 LIB.
1660 186 1752 253 IX,
1791 193 1822 240 8
2173 186 2300 250 237

287 338 351 394 111
398 336 649 412 singulis
695 336 880 413 signis
928 336 1018 393 sui
1056 336 1340 411 cuiusque
1377 336 1593 395 mensis
1632 336 1858 394 dierum
1893 339 2122 395 numeri
2159 357 2306 396 cava

289 427 429 483 sunt
470 426 751 500 perfecta,
799 425 964 483 cuius
1008 424 1187 499 bulla,
1237 443 1388 500 quae
1435 425 1576 483 solis
1621 425 1943 502 imaginem
1981 425 2304 503 horologiis

140 522 268 578 240
288 516 489 573 tenere
525 514 778 587 videtur,
814 512 1111 589 significat
1143 514 1424 572 horarum
1461 513 1672 589 spatia.
1747 533 1816 572 ea
1849 514 2144 573 translata
2186 510 2193 591 Ι
2236 535 2307 573 ex

287 602 683 662 terebratione
727 602 791 659 in
836 602 1292 660 terebrationem
1337 603 1554 661 mensis
1591 604 1875 661 vertentis
1911 602 2142 677 perficit
2179 622 2302 661 cur-

232 712 259 752 5
289 710 436 750 sum.
508 692 716 765 itaque
753 690 1248 765 quemadmodum
1284 691 1374 750 sol
1410 711 1517 767 per
1553 691 1812 750 siderum
1848 692 2046 767 spatia
2082 692 2303 750 vadens

288 781 507 838 dilatat
550 779 963 854 contrahitque
1009 779 1131 837 dies
1179 782 1241 837 et
1284 780 1480 855 horas,
1529 780 1614 839 sic
1657 781 1826 839 bulla
1871 781 1934 838 in
1980 780 2302 857 horologiis

286 868 623 946 ingrediens
666 886 773 942 per
815 870 1041 942 puncta
1087 870 1293 926 contra
1339 869 1523 927 centri
1570 870 1842 944 tympani
1888 870 2304 943 versationem,

202 948 301 1039 (5)Ι
333 956 549 1017 cotidie
596 975 731 1014 cum
776 956 1132 1014 transfertur
1178 957 1311 1015 aliis
1357 958 1720 1032 temporibus
1765 978 1872 1033 per
1915 960 2132 1017 latiora
2169 958 2304 1017 aliis

287 1065 395 1122 per
439 1044 782 1121 angustiora
828 1045 1043 1120 spatia,
1088 1046 1406 1104 menstruis
1452 1046 1816 1106 finitionibus
1854 1048 2144 1125 imagines
2181 1047 2303 1105 effi-

206 1155 262 1193 10
291 1134 373 1193 cit
415 1134 697 1191 horarum
742 1136 803 1191 et
847 1133 1093 1191 dierum.
2129 1196 2140 1207 .

421 1222 511 1279 De
580 1221 1091 1281 administratione
1162 1225 1364 1281 autem
1427 1241 1620 1298 aquae
1685 1223 2178 1297 quemadmodum
2243 1244 2304 1283 se

290 1314 580 1385 temperet
630 1310 703 1369 ad
757 1312 1076 1385 rationem,
1131 1312 1215 1370 sic
1269 1312 1385 1369 erit
1428 1311 1778 1369 faciendum.
1867 1314 2005 1387 post
2048 1314 2306 1371 frontem

178 1392 601 1481 <103horoilogii
645 1401 803 1459 intra
850 1400 1187 1459 conlocetur
1232 1401 1543 1459 castellum
1587 1400 1651 1457 in
1684 1399 1864 1475 idque
1900 1420 2008 1475 per
2042 1400 2305 1459 fistulam

292 1489 470 1547 saliat
524 1508 681 1564 aqua
736 1491 797 1547 et
849 1488 914 1547 in
966 1490 1085 1549 imo
1140 1489 1361 1548 habeat
1414 1508 1638 1548 cavum.
1731 1489 1805 1546 ad
1849 1488 1912 1546 id
1958 1492 2157 1547 autem
2203 1490 2304 1546 ad-

211 1596 262 1637 15
290 1577 474 1635 fixum
526 1578 607 1635 sit
659 1597 730 1635 ex
785 1597 918 1636 aere
972 1582 1326 1655 tympanum
1379 1578 1598 1636 habens
1643 1579 1936 1653 foramen,
1993 1597 2103 1652 per
2148 1578 2306 1652 quod

292 1686 362 1725 ex
417 1666 661 1725 castello
706 1666 771 1723 in
814 1666 876 1723 id
924 1686 1079 1742 aqua
1124 1668 1351 1725 influat.
1441 1668 1504 1724 in
1551 1686 1618 1726 eo
1666 1670 1867 1725 autem
1911 1666 2105 1725 minus
2151 1670 2306 1741 tym-

290 1774 513 1830 panum
566 1754 906 1813 includatur
959 1755 1293 1813 cardinibus
1341 1775 1411 1814 ex
1453 1759 1627 1813 torno
1672 1756 1932 1813 masculo
1981 1758 2040 1814 et
2083 1755 2306 1813 femina

179 1854 270 1905 (15)
290 1844 447 1901 inter
483 1860 543 1901 se
578 1844 881 1917 coartatis,
917 1844 1003 1901 ita
1044 1836 1051 1923 Ι
1092 1844 1181 1901 uti
1208 1844 1403 1902 minus
1430 1847 1784 1919 tympanum
1813 1843 2307 1919 quemadmodum

292 1932 622 2006 epitonium
657 1932 720 1988 in
755 1932 978 1991 maiore
1016 1931 1464 2009 circumagendo
1502 1934 1629 1992 arte
1660 1932 1993 2009 leniterque
2021 1935 2303 1993 versetur.

211 2042 265 2080 20
292 2021 533 2079 maioris
588 2022 788 2078 autem
839 2020 1113 2096 tympani
1155 2021 1393 2078 labrum
1437 2021 1640 2097 aequis
1684 2021 2017 2082 intervallis
2064 2040 2305 2081 cconxv

293 2111 519 2183 puncta
572 2108 792 2167 habeat
848 2109 1113 2186 signata,
1169 2110 1364 2168 minor
1407 2129 1545 2169 vero
1594 2111 1891 2170 orbiculus
1936 2111 1999 2168 in
2045 2114 2304 2169 extrema

294 2197 675 2256 circinatione
720 2197 899 2256 fixam
942 2198 1162 2257 habeat
1204 2199 1511 2275 lingulam,
1559 2199 1728 2258 cuius
1765 2218 2047 2258 cacumen
2084 2201 2306 2277 dirigat

185 2299 272 2350 (20)
293 2285 369 2344 ad
413 2289 767 2362 punctorum
812 2287 1095 2365 regiones,
1141 2279 1340 2370 inlque
1387 2307 1455 2347 eo
1494 2288 1754 2347 orbiculo
1792 2290 2189 2364 temperatum
2226 2289 2312 2347 sit·

291 2376 578 2449 foramen,
624 2377 765 2451 quia
809 2377 873 2434 in
916 2379 1271 2452 tympanum
1316 2395 1475 2453 aqua
1511 2377 1709 2434 influit
1751 2396 1858 2452 per
1900 2377 1964 2434 id
2009 2380 2070 2436 et
2107 2381 2304 2436 servat

214 2484 265 2525 35
294 2463 883 2523 administrationem.
973 2484 1106 2523 cum
1159 2470 1358 2524 autem
1411 2466 1475 2522 in
1527 2466 1769 2525 maioris
1820 2466 2091 2542 tympani
2136 2466 2302 2524 labro

291 2553 514 2610 fuerint
568 2553 898 2640 signorum·
924 2555 1268 2613 caelestium
1320 2555 1805 2628 deformationes,
1863 2555 1926 2612 id
1980 2558 2180 2613 autem
2225 2556 2306 2613 sit

291 2642 599 2716 inmotum,
643 2643 706 2699 in
752 2661 978 2702 summo
1013 2643 1232 2702 habeat
1267 2643 1662 2702 deformatum
1698 2644 1893 2702 cancri
1930 2644 2181 2720 signum,
2229 2643 2305 2702 ad

438 2834 467 2881 1
508 2828 593 2881 sui
631 2845 806 2897 usque
842 2846 896 2884 ω.
943 2830 961 2897 ΙΙ
1008 2834 1037 2880 3
1076 2829 1253 2883 tinere
1282 2829 1361 2883 H.
1408 2833 1415 2898 Ι
1462 2829 1742 2899 significat
1778 2837 1904 2885 ante
1939 2848 2074 2886 corr.
2115 2831 2172 2899 (i.
2211 2848 2279 2884 m.

293 2917 391 2954 om.
426 2900 492 2955 G.
523 2902 602 2968 114
639 2917 858 2954 cursum
896 2899 1303 2969 suum.itaque
1341 2917 1396 2954 x.
1433 2903 1452 2969 ΙΙ
1493 2907 1524 2953 9
1563 2901 1678 2954 ima
1723 2900 1734 2911 '
1779 2918 1837 2954 es
1871 2902 1945 2956 G:
1985 2899 2094 2954 -nis
2125 2833 2306 3026 Hs}

297 2977 363 3024 14
401 2969 572 3024 saliat
609 2987 757 3039 aqua
796 2970 921 3026 GS:
960 2969 1167 3024 saliata
1202 2987 1349 3039 quae
1377 2973 1454 3025 H.
1510 2972 1528 3039 ss
1584 2976 1649 3024 15
1727 2972 1900 3026 abens
1937 2972 2074 3026 tello
2113 2971 2171 3025 in
2203 2975 2211 3041 Ι
2243 2972 2263 3025 1

294 3049 387 3096 etc.
435 3048 561 3098 ante
603 3059 739 3097 corr.
779 3044 895 3110 (qui
938 3058 1110 3110 supra
1152 3044 1424 3112 supplevit
1466 3044 1682 3123 omissa)
1725 3044 1789 3098 G.
1846 3046 1864 3112 ΙΙ
1921 3049 1984 3096 17
2024 3043 2070 3098 ἃ
2112 3047 2194 3112 (et
2233 3046 2304 3114 G)

294 3115 455 3166 torno
482 3131 536 3166 x.
567 3114 585 3183 ΙΙ
616 3119 682 3166 18
720 3111 924 3166 coartis
960 3117 1106 3180 (ante
1142 3115 1299 3182 corr.)
1331 3114 1398 3168 G.
1428 3117 1445 3182 ss
1477 3119 1540 3165 19
1579 3114 1887 3182 epitonium
1929 3117 2029 3183 (sic
2063 3122 2116 3169 et
2149 3118 2306 3182 infra

288 3202 346 3254 p.
383 3189 513 3252 261,
538 3187 627 3239 20.
668 3189 801 3252 262,
826 3185 921 3253 25)
960 3201 1001 3238 ω
1046 3184 1135 3252 (cf.
1179 3184 1447 3256 Go'ppert,
1501 3186 1727 3239 Redeat.
1782 3202 1888 3240 von
1940 3188 2305 3252 ferruminare

297 3255 471 3309 Bresl.
502 3259 652 3309 1869
686 3273 738 3323 p.
771 3259 863 3323 38,
901 3255 1030 3310 Keil
1074 3257 1149 3308 ad
1194 3255 1426 3309 Vmon.
1460 3258 1684 3324 12247,
1728 3257 1800 3310 R.
1833 3255 2072 3324 G'aynat:
2119 3258 2304 3312 Revue

296 3326 361 3379 de
388 3327 528 3394 phil.
568 3330 714 3380 1894
743 3345 803 3396 p.
832 3329 977 3394 170).
1019 3329 1037 3394 ss
1079 3332 1146 3380 20
1182 3325 1411 3379 maioris
1444 3326 1567 3380 GS:
1606 3343 1718 3381 -res
1746 3328 1825 3381 H.
1855 3330 1873 3396 ΙΙ
1901 3333 1966 3380 21
2007 3327 2305 3396 designata

298 3395 350 3450 S.
393 3399 411 3464 ΙΙ
453 3403 518 3448 22
556 3394 793 3468 ligulam
828 3415 883 3452 x.
926 3401 943 3466 ΙΙ
984 3402 1052 3450 24
1089 3396 1224 3465 quia
1250 3396 1387 3451 HS:
1425 3413 1539 3465 qua
1570 3398 1636 3452 G.
1682 3401 1700 3466 ΙΙ
1747 3403 1814 3450 25
1851 3396 2010 3451 labro
2044 3399 2118 3452 G:
2157 3399 2303 3453 libro

298 3465 367 3518 Η
370 3465 423 3520 S.
460 3469 479 3535 ΙΙ
514 3473 580 3520 27
617 3468 892 3522 inmotum
928 3469 975 3521 85
1008 3468 1070 3521 in
1108 3486 1148 3522 3.
1185 3485 1240 3522 x.
1283 3472 1292 3539 Ι
1331 3467 1521 3523 cancri
1558 3468 1723 3538 signu
1751 3469 1814 3524 S:
1852 3468 2038 3521 cancri
2074 3469 2301 3538 signorfi

302 3536 371 3603 G,
410 3537 596 3591 caneri
632 3541 731 3608 (sic
766 3547 817 3594 et
850 3547 978 3594 ante
1013 3557 1150 3595 corr.
1178 3541 1251 3607 L)
1288 3540 1517 3612 signori-1
1545 3539 1621 3593 H.

2344 707 2408 755 10

2344 1330 2406 1376 11

2343 2040 2408 2086 12
