2664 3927
298 165 385 250 88
1144 185 1474 240 vrffluvn

299 355 563 396 asserum
601 337 922 414 appellant,
958 338 1051 396 uti
1087 338 1279 396 nostri
1311 356 1381 395 ea
1409 356 1554 396 cava
1592 336 1968 395 columbaria.
2041 336 2129 395 ita
2168 335 2329 411 quod

295 425 456 484 inter
501 425 648 484 duas
696 444 839 502 opas
887 428 977 484 est
1019 427 1453 502 intertignium,
1498 425 1561 482 id
1604 441 1846 500 μετοπη
1896 427 1987 484 est
2033 424 2190 500 apud
2229 443 2328 483 eos

296 516 688 574 nominatum.

221 613 258 662 5
435 595 442 685 Ι
481 603 590 663 Uti
636 606 835 662 autem
877 604 942 661 in
988 603 1202 662 doricis
1248 603 1693 679 triglyphorum
1738 606 1799 661 et
1834 602 2200 660 mutulorum
2237 604 2329 659 est
2346 611 2438 664 (2⁶)

295 693 542 751 inventa
585 694 761 767 ratio,
805 693 897 749 ita
942 693 1006 749 in
1050 693 1260 750 ionicis
1308 692 1744 751 denticulorum
1790 692 2140 750 constitutio
2194 709 2327 765 pro·
2386 709 2416 750 5

293 782 490 857 priam
533 783 598 839 in
644 780 919 856 operibus
964 780 1145 839 habet
1188 782 1507 855 rationem,
1555 782 1616 839 et
1662 780 2159 856 quemadmodum
2202 799 2328 836 mu-

293 871 412 928 tuli
448 869 887 928 cantheriorum
913 870 1287 944 proiecturae
1314 870 1515 928 ferunt
1542 871 1879 946 imaginem,
1918 870 2002 928 sic
2028 870 2093 927 in
2119 869 2329 926 ionicis

299 949 308 1039 Ι
350 958 635 1016 denticuli
673 977 744 1016 ex
778 959 1132 1034 proiecturis
1173 977 1434 1017 asserum
1469 958 1691 1016 habent
1726 959 2137 1017 imitationem.
2212 958 2325 1014 ita·
2354 955 2439 1011 90

293 1067 409 1122 que
454 1048 520 1105 in
571 1048 798 1124 graecis
846 1046 1120 1122 operibus
1165 1066 1339 1106 nemo
1376 1047 1486 1106 sub
1521 1047 1782 1106 mutulos
1824 1047 2155 1105 denticulos
2193 1064 2327 1104 con-

293 1136 512 1194 stituit.
604 1155 724 1194 non
772 1137 931 1194 enim
975 1139 1230 1211 possunt
1275 1135 1484 1194 subtus
1531 1136 1863 1194 cantherios
1916 1154 2138 1194 asseres
2186 1152 2329 1193 esse.
2358 1153 2413 1192 ιο

294 1224 458 1299 quod
513 1244 653 1302 ergo
710 1243 890 1300 supra
946 1225 1281 1284 cantherios
1338 1227 1399 1283 et
1451 1224 1677 1299 templa
1730 1226 1794 1282 in
1847 1226 2100 1283 veritate
2155 1223 2331 1281 debet

293 1331 421 1372 esse
467 1314 869 1388 conlocatum,
921 1308 930 1389 Ι
978 1313 1041 1372 id
1085 1315 1150 1372 in
1203 1313 1563 1390 imaginibus
1620 1314 1670 1372 si
1724 1314 1881 1371 infra
1936 1313 2329 1372 constitutum
2375 1321 2439 1374 (5)

289 1403 476 1461 fuerit
519 1403 863 1462 mendosam
907 1401 1151 1461 habebit
1197 1404 1391 1478 operis
1436 1403 1747 1460 rationem.
1831 1403 2127 1477 etiamque
2175 1402 2327 1459 anti·

294 1493 400 1566 qui
445 1510 564 1550 non
609 1491 1012 1568 probaverunt
1066 1510 1256 1566 neque
1302 1492 1695 1549 instituerunt
1737 1492 1801 1549 in
1854 1491 2113 1567 fastigiis
2159 1484 2327 1567 <mu-

289 1581 451 1639 tulos
499 1576 645 1658 aut>
699 1580 1028 1639 denticulos
1083 1579 1213 1638 fieri
1267 1579 1371 1638 sed
1425 1598 1605 1655 puras
1653 1598 1926 1654 coronas,
1979 1579 2112 1638 ideo
2167 1579 2328 1654 quod
2357 1597 2412 1637 ιε

287 1687 398 1727 nec
445 1669 736 1728 cantherii
780 1687 889 1727 nec
937 1686 1160 1727 asseres
1207 1672 1415 1727 contra
1450 1669 1831 1745 fastigiorum
1864 1669 2091 1727 frontes
2128 1668 2326 1726 distri-

288 1757 556 1817 buuntur
598 1777 706 1817 nec
750 1759 1002 1833 possunt
1045 1758 1399 1834 prominere,
1445 1757 1549 1816 sed
1590 1751 1599 1835 Ι
1641 1758 1715 1815 ad
1760 1757 2066 1816 stillicidia
2110 1757 2323 1833 procli·
2346 1767 2437 1816 (1⁰)

289 1847 421 1904 nati
467 1847 867 1905 conlocantur.
958 1847 1046 1904 ita
1092 1846 1252 1922 quod
1296 1849 1416 1904 non
1451 1849 1653 1922 potest
1688 1847 1751 1904 in
1786 1848 2039 1907 veritate
2074 1846 2221 1920 fieri,
2266 1845 2328 1903 id

293 1952 413 1992 non
457 1937 820 2015 putaverunt
865 1936 928 1994 in
975 1935 1332 2013 imaginibus
1378 1936 1606 1995 factum
1659 1954 1832 2012 posse
1878 1939 2101 1996 certam
2144 1936 2326 1995 ratio-

221 2034 256 2082 6
294 2043 430 2082 nem
488 2024 721 2083 habere.
813 2026 1013 2083 omnia
1073 2026 1230 2083 enim
1295 2028 1457 2084 certa
1519 2027 1885 2101 proprietate
1950 2029 2010 2085 et
2074 2045 2109 2084 a
2172 2026 2327 2084 veris
2356 2046 2411 2086 20

288 2115 540 2172 naturae
588 2113 840 2172 deducta
882 2113 1146 2172 moribus
1191 2114 1655 2173 transduxerunt
1699 2116 1762 2173 in
1818 2133 2060 2191 operum
2104 2115 2325 2190 perfec-

288 2202 502 2276 tiones,
560 2205 620 2260 et
669 2222 738 2261 ea
783 2202 1186 2277 probaverunt
1241 2222 1494 2279 quorum
1542 2204 1963 2279 explicationes
2009 2206 2073 2261 in
2126 2204 2325 2278 dispu-

293 2281 637 2371 {tationibus
691 2292 986 2350 rationem
1043 2295 1296 2367 possunt
1348 2292 1563 2351 habere
1617 2294 1907 2351 veritatis
1996 2294 2199 2368 itaque
2256 2311 2325 2349 ex
2345 2303 2438 2354 (1⁶)

289 2380 374 2437 eis
436 2379 764 2457 originibus
824 2382 1200 2455 symmetrias
1265 2384 1326 2439 et
1389 2383 1803 2457 proportiones
1865 2382 2323 2456 uniuscuiusque

289 2470 520 2544 generis
569 2470 924 2529 constitutas
969 2471 1357 2545 reliquerunt.
1432 2490 1683 2545 quorum
1718 2472 2017 2547 ingressus
2053 2488 2322 2545 persecu·
2353 2460 2415 2529 25¹

287 2560 385 2615 tus
432 2557 504 2616 de
551 2559 761 2617 ionicis
802 2560 862 2617 et
908 2558 1215 2617 corinthiis
1252 2558 1731 2619 institutionibus
1770 2578 1949 2634 supra
1984 2559 2126 2633 dixi,
2169 2577 2325 2616 nunc

284 2663 427 2705 vero
476 2647 740 2705 doricam
782 2648 1077 2707 rationem
1123 2666 1529 2723 summamque
1588 2649 1713 2707 eius
1769 2649 2023 2724 speciem
2065 2647 2325 2706 breviter

292 2754 598 2811 exponam.

185 2822 264 2875 ΠΙ
429 2816 436 2906 Ι
477 2825 767 2883 Nonnulli
815 2827 1050 2901 antiqui
1097 2826 1408 2883 architecti
1450 2827 1821 2903 negaverunt
1866 2825 2065 2883 dorico
2114 2843 2323 2901 genere
2343 2836 2436 2887 (2⁰)

287 2914 459 2973 aedes
525 2932 722 2973 sacras
781 2917 1052 2990 oportere
1105 2914 1262 2988 fieri,
1327 2913 1486 2989 quod
1538 2914 1853 2973 mendosae
1910 2916 1969 2972 et
2023 2914 2323 2972 disconve-
2352 2932 2408 2973 so

283 3004 515 3061 nientes
573 3004 636 3060 in
689 3003 782 3061 his
841 3005 1220 3079 symmetriae
1267 3002 1743 3061 conficiebantur.
1834 3004 2037 3078 itaque
2083 3002 2325 3079 negavit

435 3195 460 3242 1
483 3188 630 3242 caba
645 3208 700 3243 x.
730 3191 750 3259 ΙΙ
777 3195 808 3241 2
829 3189 1007 3260 ophas
1028 3189 1073 3243 ἃ,
1091 3191 1172 3259 (et
1196 3191 1277 3259 G)
1295 3189 1446 3243 inter
1463 3189 1626 3260 tignfi
1646 3188 1707 3242 id
1724 3189 1993 3259 metopha
2012 3191 2099 3243 est
2118 3192 2168 3258 (ὃ
2189 3188 2239 3243 G
2253 3187 2322 3255 S)

290 3298 302 3309 .
335 3299 346 3310 .
381 3300 391 3311 .
421 3258 716 3314 nominata
742 3278 798 3315 x.
828 3262 847 3330 ΙΙ
873 3266 908 3313 4
946 3260 1056 3316 uti:
1093 3260 1178 3315 ita
1213 3259 1300 3315 uti
1325 3280 1381 3315 x.
1413 3264 1432 3331 ΙΙ
1459 3267 1491 3314 5
1530 3261 1614 3314 ita
1650 3265 1722 3327 (a.
1754 3264 1821 3329 c.)
1850 3261 1937 3315 H:
1974 3260 2075 3314 ita-e*
2098 3260 2200 3326 Hc,
2237 3257 2318 3312 ite

291 3327 407 3381 GS.
437 3331 456 3397 ΙΙ
485 3335 514 3381 ’7
553 3330 781 3385 fuerunt
806 3349 861 3386 x.
892 3334 911 3401 ΙΙ
938 3337 970 3385 8
1010 3330 1309 3387 denticulis
1347 3332 1393 3386 ὦ
1430 3335 1509 3402 (et
1540 3333 1621 3401 G)
1658 3349 1742 3401 pr.
1770 3349 1825 3387 x.
1856 3335 1863 3401 Ι
1902 3338 1933 3385 9
1972 3330 2187 3385 mutulo
2215 3347 2271 3383 m.

280 3401 349 3452 „11
389 3397 631 3454 veritate
673 3402 750 3456 G:
791 3404 931 3455 -tem
967 3402 1056 3470 H,
1102 3405 1186 3456 -te
1225 3403 1278 3458 S.
1334 3406 1353 3473 ΙΙ
1410 3409 1475 3456 13
1514 3402 1688 3457 etiam
1735 3420 1844 3471 quo
1933 3402 2030 3471 (qd
2072 3402 2265 3469 6⁷8)ae

287 3470 355 3516 14
390 3467 636 3523 mutulos
679 3474 780 3525 aut
815 3490 916 3527 om.
954 3491 1009 3529 ω.
1047 3476 1067 3543 ΙΙ
1105 3478 1170 3527 17
1211 3472 1445 3527 stillicia
1482 3474 1600 3529 HS
1632 3473 1829 3545 (-eidia
1873 3475 1969 3541 G).
2008 3476 2027 3543 11
2066 3479 2131 3528 19
2167 3464 2321 3541 po't‘-

283 3538 490 3589 uerunt
526 3538 602 3591 H.
632 3542 651 3609 ΙΙ
683 3545 747 3593 21
790 3541 1047 3597 deductis
1082 3562 1137 3598 ω.
1166 3546 1185 3613 ΙΙ
1213 3549 1281 3596 30
1320 3544 1796 3600 disconvenientia
1833 3552 1959 3601 ante
1997 3562 2133 3600 corr.
2173 3546 2251 3599 H.
