2664 3927
725 193 824 246 DE
860 191 1421 248 ARCHITECTURA
1456 190 1588 246 LIB.
1627 191 1769 260 Vm,
1809 196 1841 244 6
2162 190 2289 255 207

174 353 256 406 (25)
276 343 524 402 saburra
571 343 962 402 contineatur.
1033 342 1266 417 reliqua
1313 343 1514 401 omnia
1559 342 1653 402 uti
1692 336 1705 419 Ι
1741 341 1955 400 fistulis
2000 340 2292 416 plumbeis

273 433 364 491 ita
407 437 549 492 sunt
595 431 971 491 conlocanda.
1059 431 1207 489 item
1253 449 1390 490 cum
1432 432 1627 508 primo
1674 448 1835 506 aqua
1881 450 1916 488 a
1964 429 2157 505 capite
2202 431 2291 488 in-

143 529 256 586 210
272 521 557 595 mittitur,
611 523 752 579 ante
805 519 1018 580 favilla
1071 520 1437 596 inmittetur,
1490 521 1581 579 uti
1636 519 1986 597 coagmenta
2032 519 2083 578 si
2124 513 2134 596 Ι
2174 538 2292 594 qua

273 612 414 670 sunt
473 628 592 669 non
656 610 801 668 satis
859 608 1045 667 oblita
1097 609 1310 667 favilla
1366 609 1723 669 oblinantur.
1812 607 2037 666 habent
2091 610 2292 666 autem

223 720 246 760 5
273 699 622 758 tubulorum
667 698 975 756 ductiones
1021 716 1092 755 ea
1138 698 1461 757 commoda.
1523 697 1785 774 primum
1820 697 1884 756 in
1920 716 2097 772 opere
2134 697 2292 772 quod

275 788 324 846 si
381 787 539 864 quod
591 786 811 846 vitium
857 787 1086 844 factum
1128 786 1339 861 fuerit,
1394 787 1646 862 quilibet
1688 787 1752 845 id
1794 789 1995 862 potest
2037 785 2290 845 reficere.

273 877 572 952 etiamque
628 876 820 934 multo
874 874 1170 933 salubrior
1221 877 1312 934 est
1366 895 1436 934 ex
1480 876 1711 935 tubulis
1756 893 1915 951 aqua
1960 894 2143 951 quam
2186 895 2292 950 per

194 977 252 1029 (5)
271 957 548 1047 fistullas,
595 963 755 1039 quod
797 962 1106 1040 plumbum
1149 963 1387 1022 videtur
1441 982 1565 1023 esse
1618 964 1753 1022 ideo
1794 965 2081 1024 vitiosum
2134 965 2294 1040 quod

273 1073 344 1112 ex
398 1073 466 1113 eo
525 1071 760 1112 cerussa
811 1053 1104 1126 nascitur,
1165 1051 1312 1110 haec
1366 1056 1570 1112 autem
1623 1053 1843 1111 dieitur
1896 1071 2022 1112 esse
2075 1071 2290 1112 nocens

193 1164 246 1204 10
272 1141 618 1218 corporibus
657 1141 948 1200 humanis.
1017 1141 1226 1217 itaque
1266 1140 1425 1216 quod
1462 1160 1535 1200 ex
1570 1159 1639 1200 eo
1675 1145 2022 1216 procreatur
2056 1136 2193 1221 (si)
2229 1143 2293 1201 id

274 1233 364 1290 est
405 1232 704 1305 vitiosum,
749 1249 870 1290 non
915 1233 1006 1289 est
1049 1229 1300 1292 dubium
1346 1231 1491 1306 quin
1534 1230 1731 1305 ipsum
1776 1248 2009 1306 quoque
2056 1249 2175 1289 non
2212 1233 2293 1291 sit

273 1319 523 1379 salubre.
605 1320 906 1396 exemplar
949 1322 1162 1378 autem·
1196 1319 1270 1378 ab
1317 1318 1644 1378 artificibus
1686 1318 2037 1394 plumbariis
2081 1338 2288 1394 possu-

166 1420 253 1472 (10)
270 1427 402 1467 mus
449 1410 729 1484 accipere,
774 1409 932 1484 quod
973 1402 982 1486 Ι
1020 1407 1352 1485 palloribus
1399 1410 1718 1484 occupatos
1763 1407 1986 1466 habent
2032 1409 2291 1483 corporis

273 1497 510 1558 colores
582 1517 836 1574 namque
883 1516 1017 1556 cum
1059 1497 1363 1559 fundendo
1408 1496 1717 1572 plumbum
1757 1497 1953 1571 fiatur,
1996 1514 2185 1572 vapor
2222 1516 2292 1554 ex

191 1606 242 1647 15
271 1605 342 1646 eo
393 1587 655 1647 insidens
711 1588 972 1662 corporis
1026 1589 1190 1646 artus
1247 1588 1308 1644 et
1358 1587 1427 1644 in
1479 1586 1637 1645 diem
1689 1604 1935 1645 exurens
1988 1585 2167 1661 eripit
2220 1606 2293 1644 ex

268 1676 548 1734 membris
594 1695 798 1735 eorum
842 1675 1148 1753 sanguinis
1193 1677 1465 1736 virtutes.
1536 1677 1743 1750 itaque
1786 1675 2031 1734 minime
2075 1675 2290 1734 fistulis

268 1765 563 1840 plumbeis
619 1783 781 1840 aqua
833 1764 970 1822 duci
1021 1764 1282 1839 videtur,
1336 1765 1388 1823 si
1441 1764 1714 1824 volumus
1760 1783 1893 1823 eam
1936 1763 2153 1822 habere
2199 1782 2289 1822 sa-

163 1865 250 1914 (15)
270 1853 520 1912 lubrem.
593 1872 980 1929 saporemque
1025 1853 1330 1912 meliorem
1376 1873 1447 1912 ex
1487 1847 1495 1931 Ι
1535 1853 1759 1912 tubulis
1797 1871 1922 1912 esse
1960 1853 2290 1912 cotidianus

269 1943 470 2017 potest
513 1942 774 2001 indicare
819 1943 1041 2016 victuS,
1099 1942 1255 2018 quod
1303 1960 1507 2003 omnes
1550 1944 1805 2002 structas
1853 1961 1989 2002 cum
2030 1941 2292 2001 habeant

189 2051 244 2090 πο
271 2048 552 2089 vasorum
595 2022 1020 2107 'argenteorum
1070 2050 1331 2106 mensaS,
1389 2033 1592 2092 tamen
1636 2034 1883 2109 propter
1928 2033 2155 2108 saporis
2199 2032 2288 2089 in-

269 2120 614 2196 tegritatem
657 2119 936 2179 ficfflibus
979 2121 1248 2179 utuntur.
2261 2167 2269 2175 .

407 2207 512 2271 Sin
557 2212 758 2267 autem
801 2210 996 2268 fontes
1042 2205 1205 2287 <non
1241 2205 1423 2285 sunt>
1464 2211 1621 2269 unde
1658 2210 1963 2269 ductiones
1999 2228 2293 2285 aquarum

270 2298 584 2372 faciamuS,
638 2314 872 2357 necesse
919 2300 1010 2357 est
1051 2300 1263 2373 puteos
1309 2298 1527 2358 fodere.
1616 2300 1681 2358 in
1725 2302 2043 2375 puteorum
2088 2302 2291 2357 autem

162 2398 250 2446 (20)
276 2378 284 2467 Ι
315 2386 674 2445 fossionibus
730 2405 850 2444 non
903 2390 995 2445 est
1047 2387 1477 2446 contemnenda
1529 2389 1714 2463 rati0,
1767 2388 1869 2447 sed
1923 2387 2291 2447 acuminibus

190 2495 242 2534 25
272 2475 655 2551 sollertiaque
692 2494 912 2551 magna
947 2476 1248 2535 naturales
1285 2495 1484 2535 rerum
1520 2478 1779 2537 rationes
1819 2477 2293 2551 considerandae,

271 2564 431 2639 quod
474 2564 656 2623 habet
697 2564 890 2623 multa
934 2565 1220 2638 variaque
1265 2567 1427 2623 terra
1470 2566 1534 2623 in
1580 2584 1641 2625 se
1688 2584 1921 2643 genera.
1998 2568 2091 2624 est
2136 2567 2293 2624 enim

269 2653 364 2711 uti
435 2654 699 2729 reliquae
762 2672 856 2711 res
921 2673 991 2711 ex
1055 2656 1344 2728 quattuor
1404 2654 1713 2730 principiis
1778 2656 2121 2731 composita.
2233 2657 2293 2712 et

268 2743 528 2818 primum
572 2745 663 2801 est
705 2743 836 2818 ipsa
881 2745 1118 2800 terrena
1161 2742 1457 2817 habetque
1506 2761 1576 2801 ex
1610 2762 1812 2802 umore
1850 2762 2043 2821 aquae
2079 2745 2292 2819 fonteS,

161 2841 250 2893 (25)
267 2832 416 2889 item
470 2831 690 2890 calores
733 2828 741 2909 Ι
781 2831 936 2889 unde
981 2832 1168 2891 etiam
1211 2831 1467 2906 sulphur
1512 2832 1748 2891 alumen
1792 2832 2059 2893 bitumen
2100 2834 2291 2893 nasci·

187 2941 242 2980 so
269 2922 394 2995 tur,
444 2921 710 2995 aerisque
757 2921 1002 2995 spiritus
1046 2920 1332 2993 inmanes,
1380 2922 1483 2996 qui
1529 2938 1661 2979 cum
1706 2938 1917 2998 graves
1960 2942 2069 2997 per
2111 2924 2292 2981 inter-

267 3009 445 3067 venia
497 3008 766 3068 fistulosa
819 3011 1014 3068 terrae
1066 3010 1424 3085 perveniunt
1476 3008 1552 3069 ad
1604 3010 1922 3069 fossionem
1975 3015 2294 3089 puteorum

412 3202 446 3248 4
484 3194 806 3251 oblinentur
838 3214 893 3251 x.
949 3198 968 3265 ΙΙ
1023 3200 1055 3249 8
1093 3195 1244 3265 quod
1285 3212 1388 3265 per
1422 3195 1715 3266 plumbum
1750 3216 1805 3253 x.
1867 3199 1877 3268 Ι
1934 3198 2111 3267 quod:
2156 3196 2293 3265 quia

269 3267 394 3321 ES.
439 3268 460 3336 ΙΙ
505 3272 536 3319 9
575 3282 665 3321 eo:
702 3266 932 3336 plumbo
963 3268 1017 3322 S.
1069 3269 1078 3335 Ι
1127 3283 1322 3321 cerusa
1359 3268 1497 3335 EG,
1533 3284 1725 3323 cerosa
1750 3270 1805 3325 S.
1850 3272 1869 3338 ΙΙ
1916 3274 1985 3323 10
2019 3267 2105 3322 ita
2140 3268 2293 3335 quod

268 3337 340 3391 H
347 3338 418 3404 G,
453 3337 646 3406 itaque
675 3339 749 3405 E,
787 3338 872 3391 ita
909 3354 1040 3409 ergo
1080 3343 1146 3391 οῦ
1185 3338 1337 3405 quod
1374 3339 1427 3393 S.
1488 3342 1498 3409 Ι
1556 3337 1605 3391 si
1641 3356 1741 3394 om.
1770 3358 1825 3395 ω.
1878 3343 1888 3409 Ι
1935 3338 2019 3393 id:
2058 3356 2158 3394 om.
2191 3340 2245 3394 S.
2272 3339 2293 3411 ΙΙ

271 3413 339 3462 11
378 3407 514 3477 quin
545 3409 761 3464 GEe&
798 3408 896 3477 qui
932 3408 991 3463 in
1019 3410 1097 3464 H.
1153 3411 1172 3478 ΙΙ
1228 3413 1294 3462 15
1331 3407 1487 3463 indie
1521 3427 1577 3465 x.
1624 3412 1643 3480 ΙΙ
1690 3416 1757 3463 19
1795 3412 2037 3482 structas
2078 3410 2290 3479 (Fav.):

269 3481 388 3549 ex(s
417 3479 836 3549 EGS)tructas
871 3498 925 3535 x.
963 3482 984 3550 ΙΙ
1019 3486 1086 3533 22
1123 3496 1238 3533 non
1275 3483 1431 3536 sunt:
1468 3497 1569 3535 om.
1597 3499 1654 3536 x.
1682 3484 1701 3551 ΙΙ
1730 3486 1800 3534 24
1832 3480 2171 3535 fossionibus
2210 3484 2293 3551 (in

267 3552 402 3620 rae.)
431 3550 533 3606 Ec:
571 3550 1016 3619 possessionibus
1045 3551 1115 3606 H
1119 3550 1300 3608 SEG.
1331 3554 1351 3623 ΙΙ
1378 3557 1447 3605 30
1483 3550 1775 3607 intervena
1804 3552 1925 3608 EG
1962 3551 2104 3622 (-nia
2131 3552 2290 3621 HS).

2332 625 2398 674 10

2330 1337 2392 1384 11

2332 2226 2395 2274 12
