2664 3927
267 354 298 400 9

337 191 423 255 92
1183 191 1515 246 VITRUVII

474 340 791 400 Columnas
857 344 1055 400 autem
1119 342 1320 400 striari
1382 361 1464 399 xx
1532 341 1693 400 striis
1760 343 2009 416 oportet.
2103 359 2253 416 quae
2318 342 2372 399 si

335 432 550 506 planae
597 433 788 505 erunt,
844 431 1093 508 angulos
1147 430 1409 488 habeant
1453 449 1537 488 xx
1582 429 1939 507 designatos.
2032 430 2124 488 sin
2171 432 2372 488 autem

341 512 350 600 Ι
391 519 855 593 excavabuntur,
909 521 994 578 sic
1039 521 1130 578 est
1172 520 1365 577 forma
1409 518 1680 577 facienda
1726 520 1816 577 uti
1862 538 2042 595 quam
2086 538 2372 595 magnum
2400 516 2482 572 94

336 611 428 668 est
470 609 854 668 intervallum
899 610 1096 683 striae,
1140 610 1268 666 tam
1311 609 1543 684 magnis
1590 609 1907 667 striaturae
1941 606 2184 682 paribus
2220 607 2368 665 late-

333 698 497 757 ribus
564 697 921 774 quadratum
975 696 1368 776 describatur,
1430 699 1495 755 in
1556 697 1752 755 medio
1818 699 2016 755 autem
2075 696 2368 772 quadrato
2422 715 2453 755 5

336 788 541 845 circini
595 788 862 844 centrum
915 786 1254 845 conlocetur
1312 788 1375 844 et
1432 789 1646 862 agatur
1697 786 1857 844 linea
1908 785 2368 860 rotundationis,

337 895 487 951 quae
536 866 959 955 qua{drati0nis
1007 874 1255 951 angulos
1300 876 1531 952 tangat,
1576 877 1638 932 et
1683 878 1970 950 quantum
2008 876 2122 932 erit
2158 893 2363 934 curva-
2392 884 2457 934 (5)

333 967 503 1022 turae
539 965 696 1022 inter
729 963 1209 1023 rotundationem
1245 966 1306 1022 et
1334 963 1696 1039 quadratam
1723 962 2195 1040 descriptionem,
2232 967 2363 1022 tan-

334 1055 465 1110 tum
511 1052 586 1110 ad
639 1053 893 1112 formam
938 1055 1307 1112 excaventur.
1399 1053 1487 1110 ita
1541 1052 1742 1110 dorica
1799 1053 2073 1112 columna
2130 1054 2222 1111 sui
2268 1071 2397 1132 ge·-

232 1153 299 1201 10
337 1143 494 1200 neris
541 1143 856 1200 striaturae
901 1141 1144 1201 habebit
1196 1143 1635 1217 perfectionem.
1727 1142 1799 1199 de
1856 1140 2184 1200 adiectione
2240 1143 2365 1200 eius
2395 1159 2451 1198 ιο

339 1250 456 1306 qua
499 1231 694 1289 media
741 1230 1084 1307 adaugetur,
1131 1232 1223 1289 uti
1267 1233 1331 1290 in
1367 1231 1546 1289 tertio
1585 1231 1883 1290 volumine
1920 1229 1992 1288 de
2030 1232 2239 1289 ionicis
2277 1233 2369 1289 est

333 1321 680 1396 perscripta,
726 1321 815 1377 ita
859 1322 919 1378 et
963 1321 1027 1378 in
1072 1320 1164 1378 his
1211 1320 1621 1378 transferatur.

473 1401 787 1491 {Quoniam
816 1411 1070 1468 exterior
1097 1409 1320 1483 species
1350 1409 1826 1483 symmetriarum
1853 1410 1914 1466 et
1940 1408 2368 1467 corinthiorum
2386 1417 2477 1469 (1⁰)

335 1501 395 1556 et
441 1498 772 1558 doricorum
809 1500 870 1555 et
904 1499 1234 1556 ionicorum
1270 1499 1362 1555 est
1395 1498 1743 1572 perscripta,
1785 1515 2021 1556 necesse
2059 1499 2151 1555 est
2186 1497 2368 1555 etiam

227 1595 306 1649 IV
332 1588 643 1646 interiores
692 1587 975 1645 cellarum
1018 1586 1347 1661 pronaique
1394 1585 1837 1645 distributiones
1884 1587 2191 1662 explicare.
2277 1585 2366 1643 di·
2395 1604 2449 1644 15

334 1676 648 1734 stribuitur
695 1677 893 1733 autem
937 1674 1249 1751 longitudo
1307 1674 1470 1733 aedis
1524 1676 1616 1732 uti
1668 1674 1924 1734 latitudo
1972 1677 2052 1734 sit
2106 1676 2366 1752 longitu-

333 1765 490 1824 dinis
533 1761 542 1842 Ι
582 1764 862 1823 dimidiae
906 1765 1114 1838 partis,
1168 1764 1418 1839 ipsaque
1463 1764 1613 1822 cella
1655 1767 1825 1840 parte
1874 1767 2087 1840 quarta
2131 1765 2368 1841 longior
2386 1773 2477 1824 (1⁵)

334 1855 430 1928 sit,
487 1872 668 1928 quam
711 1855 802 1912 est
847 1852 1130 1928 latitud0,
1177 1871 1312 1912 cum
1355 1853 1609 1929 pariete,
1657 1854 1762 1928 qui
1815 1855 2009 1928 paries
2056 1854 2369 1912 valvarum

331 1941 607 2001 habuerit
670 1943 1154 2003 conlocationem.
1252 1941 1517 2019 reliquae
1572 1945 1694 2002 tres
1757 1944 1956 2018 partes
2015 1944 2229 2019 pronai
2290 1942 2367 2001 ad

333 2034 504 2090 antas
549 2034 846 2107 parietum
888 2034 1258 2107 procurrant,
1305 2051 1455 2107 quae
1505 2034 1677 2090 antae
1716 2032 2122 2092 columnarum
2158 2034 2366 2092 crassi·
2397 2052 2451 2091 so

330 2121 600 2180 tudinem
643 2120 858 2179 habere
905 2120 1135 2179 debent.
1227 2123 1288 2179 et
1332 2122 1385 2179 si
1432 2121 1593 2179 aedis
1650 2122 1764 2179 erit
1812 2121 2129 2179 latitudine
2176 2122 2367 2179 maior

334 2229 513 2285 quam
556 2210 735 2285 pedes
781 2228 890 2284 xx,
932 2205 940 2288 Ι
982 2209 1130 2267 duae
1179 2210 1486 2268 columnae
1540 2211 1695 2268 inter
1751 2210 1897 2269 duas
1955 2212 2125 2269 antas
2179 2212 2360 2268 inter-
2384 2219 2477 2272 (2⁰)

329 2301 656 2373 ponantur,
713 2318 862 2375 quae
908 2298 1254 2375 disiungant
1306 2302 1685 2374 pteromatos
1718 2302 1779 2357 et
1821 2300 2033 2375 pronai
2086 2300 2366 2375 spatium.

329 2390 477 2447 item
520 2388 976 2447 intercolumnia
1018 2388 1153 2463 tria,
1201 2407 1353 2463 quae
1400 2390 1573 2445 erunt
1616 2390 1773 2446 inter
1819 2391 1988 2447 antas
2036 2389 2096 2445 et
2142 2388 2365 2447 colum-

329 2496 456 2551 naS,
500 2478 720 2554 pluteis
765 2478 1110 2536 marmoreis
1157 2478 1280 2535 sive
1328 2496 1398 2535 ex
1435 2478 1719 2535 intestino
1758 2496 1933 2553 opere
1970 2478 2145 2536 factis
2181 2478 2362 2535 inter-
2394 2496 2450 2537 25

330 2566 644 2625 cludantur
687 2568 774 2624 ita
819 2567 908 2625 uti
963 2566 1120 2625 fores
1165 2565 1449 2641 habeant,
1503 2586 1610 2641 per
1668 2585 1812 2642 quas
1867 2567 2082 2624 itinera
2134 2584 2361 2641 pronao

326 2655 490 2714 fiant.
581 2658 726 2714 item
772 2657 823 2715 si
875 2656 1067 2713 maior
1121 2655 1234 2713 erit
1279 2654 1536 2713 latitudo
1586 2650 1594 2732 Ι
1645 2674 1826 2731 quam
1877 2654 2057 2729 pedes
2104 2673 2210 2729 η,
2265 2673 2360 2713 co·
2382 2666 2477 2717 (2⁵)

326 2746 564 2804 lumnae
604 2748 808 2803 contra
841 2746 1114 2821 regiones
1153 2743 1577 2819 columnarum,
1625 2763 1775 2819 quae
1812 2745 1969 2802 inter
1997 2746 2167 2803 antas
2204 2747 2363 2817 sunt,

325 2837 617 2893 introrsus
669 2835 1064 2895 conlocentur.
1158 2834 1217 2891 et
1272 2851 1375 2890 eae
1432 2833 1809 2891 altitudinem
1860 2832 2121 2891 habeant
2174 2851 2361 2907 aeque

328 2943 508 2998 quam
556 2942 705 2998 quae
753 2926 891 2981 sunt
935 2924 998 2980 in
1043 2924 1257 2995 fronte,
1304 2921 1723 2980 crassitudines
1772 2924 1969 2979 autem
2016 2940 2218 2980 earum
2264 2940 2359 2979 ex·
2391 2942 2449 2981 30

397 3274 430 3282 —
468 3205 500 3251 3
538 3183 651 3252 uti:
695 3196 784 3251 ita
827 3196 914 3250 uti
950 3214 991 3251 ω
1027 3198 1115 3279 (cf.
1149 3215 1206 3279 p.
1240 3200 1335 3265 89,
1346 3200 1459 3283 252.
1512 3200 1619 3322 216
1662 3199 1854 3251 centn’l
1893 3197 2057 3266 Sffic)
2070 3219 2084 3280 Ξ
2132 3200 2359 3282 centum

326 3271 432 3338 (-tu
476 3268 702 3339 fflHG.
758 3270 778 3337 ΙΙ
832 3273 865 3321 8
904 3267 1340 3337 descnptwnem
1376 3270 1473 3349 (-e)
1584 3268 1774 3338 S(G⁰):
1815 3267 2192 3349 destructione
2233 3268 2299 3323 G.
2340 3271 2359 3339 ΙΙ

330 3346 392 3393 11
425 3356 561 3408 qua:
592 3356 737 3407 quae
766 3342 842 3409 (-e
868 3339 1055 3405 ΘΒΜ.
1085 3340 1103 3407 ΙΙ
1134 3344 1200 3420 39
1228 3338 1494 3393 habuerit
1525 3340 1601 3394 G:
1630 3337 1905 3393 hab&er1t
1923 3339 2049 3395 HS.
2078 3342 2097 3409 ΙΙ
2126 3345 2193 3392 20
2222 3340 2356 3413 ante

324 3410 684 3536 fiam?
695 3410 926 3551 {552ss
955 3409 2359 3551 2)ἒῖιὲτῆᾈὲῖὲἓὲ,Πειῗῆἓῖιῖθῖῆ)·2“82ῗθὲῑῗζὲξ

327 3550 448 3619 (L):
486 3549 785 3667 relig'iones
823 3570 878 3607 cr.
921 3553 942 3621 ΙΙ
983 3556 1050 3605 29
1090 3567 1216 3605 eae:
1255 3549 1361 3624 hee
1401 3552 1457 3620 S,
1492 3551 1601 3605 hae
1640 3552 1779 3607 HG.
