2664 3927
351 209 435 276 38
1196 209 1522 266 WTRUVII

346 364 613 435 utuntur,
657 361 902 440 longum
943 353 950 442 Ι
993 355 1358 437 sesquipede,
1401 361 1593 420 latum
1636 362 1801 438 pede.
1884 363 2091 422 ceteris
2137 363 2363 423 duobus
2398 373 2479 429 39

350 448 708 509 Graecorum
745 449 1012 510 aedificia
1059 452 1383 509 struuntur.
1458 469 1527 508 ex
1562 450 1655 509 his
1699 458 1883 509 unum
1927 451 2362 526 πενταδωρῦν,

347 539 601 596 alterum
627 539 1032 612 τετραδωρον
1059 539 1292 598 dicitur.
1349 537 1563 611 δωρον
1592 542 1792 599 autem
1820 531 2030 600 Graeci
2058 542 2366 618 appellant

344 627 630 703 palmum,
668 627 825 702 quod
862 646 1172 686 munerum
1207 627 1371 686 datio
1410 645 1615 703 graece
1653 627 1865 701 δωρον
1903 629 2257 706 appellatur,
2301 631 2365 689 id

347 719 547 775 autem
593 733 823 792 semper
863 711 871 794 Ι
912 717 1138 793 geritur
1180 735 1288 791 per
1331 733 1541 774 manus
1585 717 1865 792 palmam.
1937 719 2026 776 ita
2072 719 2228 794 quod
2276 721 2365 778 est
2396 729 2423 780 5

347 822 789 881 quoquoversus
846 806 1106 880 quinque
1150 805 1487 880 palmorum
1528 806 1924 882 pentadoron,
1980 807 2137 882 quod
2193 809 2363 883 quat-

345 894 481 951 tuor
515 893 861 952 tetradoron
897 893 1128 970 dicitur,
1176 896 1236 952 et
1279 913 1431 969 quae
1468 896 1606 953 sunt
1639 893 1879 970 publica
1916 913 2095 971 opera
2131 911 2363 955 πεντα-

273 996 308 1043 4
347 983 595 1054 δωροιε,
645 1000 795 1057 quae
831 983 1069 1058 privata
1113 982 1537 1056 τετραδωροιε
1583 981 1904 1042 struuntur.
1976 984 2128 1043 fiunt
2164 986 2366 1044 autem

347 1088 480 1128 cum
532 1071 626 1130 his
678 1070 963 1130 lateribus
1019 1071 1408 1146 semilateria,
1471 1089 1623 1147 quae
1677 1091 1811 1130 cum
1864 1075 2189 1148 struuntur,
2243 1091 2364 1132 una

344 1161 516 1234 parte
559 1158 845 1219 lateribus
883 1160 1136 1236 ordines,
1166 1152 1174 1242 1
1208 1161 1400 1219 altera
1437 1159 1797 1220 semilateres
1833 1164 2149 1236 ponuntur.
2223 1181 2363 1239 ergo
2394 1181 2452 1222 ιο

345 1265 414 1305 ex
450 1250 704 1324 utraque
747 1252 920 1325 parte
964 1249 1041 1308 ad
1085 1249 1307 1307 lineam
1353 1268 1488 1308 cum
1532 1251 1856 1324 struuntur,
1902 1249 2145 1310 alternis
2191 1252 2363 1311 coriis

341 1337 600 1412 parietes
647 1337 974 1415 alligantur
1019 1341 1080 1397 et
1123 1337 1302 1397 medii
1349 1338 1565 1397 lateres
1612 1356 1793 1414 supra
1837 1342 2186 1416 coagmenta.
2228 1359 2364 1399 con-

342 1425 525 1484 locati
570 1429 630 1484 et
674 1425 1018 1486 firmitatem
1064 1430 1124 1485 et
1169 1427 1425 1502 speciem
1468 1427 1697 1486 faciunt
1740 1429 1992 1502 utraque
2036 1431 2208 1503 parte
2244 1447 2364 1488 non

344 1515 738 1574 invenustam.

472 1604 584 1662 Est
629 1605 829 1662 autem
873 1603 938 1661 in
982 1603 1276 1678 Hispania.
1318 1603 1601 1662 ulteriore
1646 1605 1857 1664 civitas
1893 1604 2174 1680 Maxilua,
2218 1605 2365 1664 item
2394 1615 2450 1667 is

346 1683 600 1772 mallet,
662 1693 726 1750 in
779 1691 926 1751 Asia
978 1692 1220 1766 Pitane,
1282 1691 1385 1750 ubi
1437 1693 1653 1751 lateres
1710 1712 1842 1752 cum
1896 1696 2034 1752 sunt
2087 1693 2249 1752 ducti
2302 1697 2366 1753 et
2384 1703 2478 1758 (15)

343 1780 609 1854 arefacti,
652 1781 903 1856 proiecti
939 1782 1154 1839 natant
1187 1782 1251 1838 in
1297 1798 1470 1856 aqua.
1548 1785 1757 1840 natare
1804 1785 2004 1840 ‘autem
2048 1796 2145 1840 e'os
2190 1799 2363 1858 posse

342 1867 474 1926 ideo
530 1869 766 1927 videtur
821 1869 980 1945 quod
1038 1873 1198 1928 terra
1253 1872 1345 1928 est
1397 1869 1468 1928 de
1524 1889 1643 1946 qua
1697 1870 1990 1929 ducuntur
2040 1871 2362 1946 pumicosa.

340 1957 430 2015 ita
495 1976 627 2017 cum
692 1961 783 2019 est
844 1959 1019 2035 levis,
1085 1978 1219 2018 aere
1274 1958 1531 2019 solidata
1586 1978 1705 2019 non
1758 1960 1971 2036 recipit
2022 1960 2086 2019 in
2140 1980 2202 2020 se
2255 1979 2363 2020 nec

343 2045 624 2106 combibit
667 2048 976 2124 liquorem.
1058 2049 1244 2125 igitur
1287 2048 1407 2107 levi
1451 2066 1705 2124 raraque
1751 2059 1886 2108 cum
1930 2050 2051 2109 sint
2093 2051 2358 2125 proprie·
2386 2060 2445 2110 ‘se

339 2137 466 2193 tate
502 2154 610 2195 nec
644 2138 954 2212 patiantur
988 2128 1316 2218 peneltrare
1345 2138 1409 2195 in
1437 2156 1646 2213 corpus
1682 2137 1945 2196 umidam
1981 2141 2358 2214 potestatem,
2376 2148 2471 2201 (20)

343 2242 711 2301 quocumque
746 2226 1005 2301 pondere
1041 2226 1264 2284 fuerint
1301 2226 1533 2303 cogitur
1568 2225 1642 2284 ab
1679 2246 1876 2285 rerum
1910 2229 2126 2286 natura
2159 2246 2359 2302 quem-

342 2312 658 2371 admodum
721 2333 936 2390 pumex
998 2314 1089 2372 uti
1153 2314 1227 2372 ab
1288 2333 1446 2390 aqua
1500 2315 1920 2375 sustineantur.
2020 2316 2103 2375 sic
2159 2318 2361 2374 autem

340 2419 587 2478 magnas
641 2402 864 2461 habent
917 2403 1238 2477 utilitateS,
1294 2403 1451 2477 quod
1506 2422 1699 2479 neque
1745 2404 1810 2462 in
1855 2403 2360 2465 aedificationibus

340 2492 478 2548 sunt
523 2492 780 2565 onerosi,
835 2494 895 2549 et
940 2510 1072 2550 cum
1118 2491 1437 2566 ducuntur,
1492 2509 1529 2549 a
1583 2492 2032 2569 tempestatibus
2079 2512 2198 2552 non
2242 2493 2359 2551 dis·
2387 2512 2443 2554 ns

341 2579 667 2638 solvuntur.

234 2672 310 2727 IV
474 2659 576 2749 {In
613 2670 1008 2729 caementiciis
1047 2672 1248 2728 autem
1283 2670 1593 2729 structuris
1621 2670 1879 2747 primum
1908 2672 1998 2729 est
2024 2670 2097 2728 de
2133 2669 2356 2729 harena
2385 2677 2471 2735 40

481 2934 512 2980 2
549 2927 898 2996 pentadoron
928 2970 938 2981 .
970 2970 981 2981 .
1014 2970 1025 2981 .
1056 2928 1131 2996 (3)
1158 2927 1486 2982 tetradoron
1516 2944 1570 2981 ω.
1599 2929 1619 2995 ΙΙ
1646 2932 1679 2979 3
1710 2928 1785 2996 (4)
1822 2926 1997 2981 doron
2031 2944 2086 2981 x.
2114 2928 2133 2997 11
2161 2932 2192 2981 5
2272 2925 2352 2980 al-

337 3015 513 3053 mame
550 2998 800 3069 palmum
836 3014 877 3053 ω
913 3002 999 3067 (ut
1032 3016 1080 3053 v.
1120 3000 1190 3065 4).
1229 3001 1248 3068 ΙΙ
1286 3004 1317 3051 6
1357 2998 1602 3068 quinque
1634 2997 1824 3067 G(S⁰):
1864 2997 2143 3067 equinque
2170 2945 2300 3052 His.
2336 2996 2359 3071 Η

342 3076 370 3123 7
393 3069 730 3138 pentadoros
757 3068 888 3136 HS,
918 3071 1091 3123 ·toros
1113 3070 1181 3125 G.
1209 3072 1228 3139 ΙΙ
1256 3075 1288 3123 8
1315 3069 1632 3124 tetradoron
1656 3067 1776 3135 GS,
1804 3069 1963 3123 -doro
1982 3068 2059 3123 H.
2088 3071 2107 3138 ΙΙ
2136 3072 2200 3122 11
2232 3083 2359 3122 cum

340 3144 428 3209 (cii
457 3140 521 3209 S)
561 3141 850 3193 struuntur
876 3139 1012 3195 HS:
1060 3142 1456 3194 construuntur
1496 3140 1560 3195 G.
1612 3143 1621 3207 Ι
1670 3138 1837 3193 coriis
1868 3139 1929 3195 S:
1978 3138 2181 3193 choriis
2212 3132 2281 3193 H
2308 3146 2361 3195 et

340 3212 460 3280 (ubi
496 3210 715 3281 chorus)
749 3210 800 3265 G
837 3209 1083 3283 (chon‘sil'
1109 3210 1216 3281 Gc).
1245 3213 1264 3281 ΙΙ
1294 3217 1361 3264 12
1400 3209 1662 3266 collocati
1686 3210 1757 3263 H
1760 3210 1824 3265 S:
1863 3209 2087 3265 collecti
2118 3210 2169 3265 G
2202 3212 2362 3279 (etin

340 3298 509 3352 mary.
541 3281 608 3337 S‘
640 3281 732 3337 vel
770 3280 1030 3351 collecti).
1070 3283 1089 3350 ΙΙ
1126 3288 1191 3335 15
1229 3281 1482 3336 Maxilua
1512 3326 1523 3337 .
1557 3326 1569 3337 .
1600 3324 1611 3336 .
1640 3280 1841 3335 Pitane
1884 3281 2064 3349 (Ptin.
2094 3284 2183 3345 35,
2206 3282 2357 3351 171)=

342 3352 590 3413 maxima
639 3355 695 3407 et
739 3352 799 3406 in
835 3351 1027 3421 galliis
1067 3354 1126 3406 et
1161 3352 1221 3406 in
1257 3353 1379 3407 asia
1414 3352 1499 3406 ita
1534 3367 1605 3405 ne
1640 3366 1695 3407 x.
1741 3353 1761 3421 ΙΙ
1808 3356 1873 3406 16
1912 3352 2025 3405 sint
2060 3359 2187 3407 ante
2220 3368 2359 3407 corr.

344 3421 398 3476 S.
427 3425 446 3490 ΙΙ
474 3428 542 3476 20
582 3423 694 3477 sint
725 3424 821 3479 G⁰z
862 3422 937 3476 sit
971 3442 1025 3479 ω.
1064 3425 1082 3493 ΙΙ
1120 3430 1184 3477 21
1223 3440 1352 3479 nec:
1389 3439 1503 3477 non
1531 3421 1611 3492 H,
1646 3426 1687 3478 1‘1
1716 3422 1831 3479 GS.
1866 3424 1875 3495 Ι
1904 3421 2197 3493 patiantur
2221 3422 2289 3475 H
2294 3420 2358 3477 S:

341 3490 636 3561 patiuntur
673 3494 739 3549 G.
786 3497 808 3577 ll
851 3500 918 3547 22
965 3494 1136 3549 fuerit
1170 3512 1224 3550 ω.
1276 3496 1284 3563 Ι
1336 3493 1556 3564 cogitur
1600 3494 1723 3564 (sic)
1764 3510 1806 3548 ω
1853 3496 1941 3564 (·---·-
1979 3492 2133 3562 cogit
2177 3508 2361 3547 rerum

342 3564 562 3631 natura,
599 3567 939 3636 necessitas).
969 3568 987 3635 ΙΙ
1016 3570 1083 3620 23
1123 3565 1467 3620 sustineatur
1500 3576 1556 3619 x.
