2664 3927
341 152 472 216 108
1194 150 1525 218 VITRUVII

283 348 288 354 .
338 304 490 362 nitie
553 303 616 360 in
679 302 999 362 latitudine
1061 304 1400 376 moventur,
1462 321 1577 360 vox
1632 305 1693 361 et
1745 301 1809 359 in
1860 301 2179 360 latitudine
2232 321 2372 377 pro-

342 393 612 470 greditur
667 394 727 450 et
788 392 854 449 in
919 390 1299 448 altitudinem
1359 391 1659 467 gradatim
1712 391 1959 450 scandit.
2060 391 2249 468 igitur
2301 394 2371 449 ut

338 481 407 540 in
469 500 630 556 aqua
693 481 995 539 undarum
1058 478 1593 556 designationibus,
1664 479 1812 537 item
1852 473 1860 557 Ι
1901 480 1965 538 in
2027 498 2171 538 voce
2234 499 2372 538 cum
2392 491 2469 543 (5)

341 571 587 629 offensio
643 570 814 628 nulla
869 568 1127 643 primam
1171 568 1398 626 undam
1446 569 1941 644 interpellaverit,
1987 588 2107 627 non
2153 568 2369 627 distur-

337 658 447 717 bat
491 659 810 717 secundam
855 675 963 715 nec
1008 656 1416 732 insequenteS,
1462 657 1565 715 sed
1611 667 1813 716 omnes
1859 658 1984 716 sine
2029 657 2371 716 resonantia
2402 678 2436 718 ⁵

341 747 698 824 perveniunt
762 747 838 804 ad
910 747 1168 803 imorum
1231 748 1291 804 et
1355 746 1432 804 ad
1505 765 1868 805 summorum
1932 765 2119 805 aures.
2230 765 2369 822 ergo

270 850 304 898 8
341 840 572 895 veteres
637 834 946 894 architecti
1008 837 1262 892 naturae
1316 835 1573 912 vestigia
1624 836 1920 910 persecuti
1973 835 2371 912 indagationi-

341 925 454 983 bus
510 922 672 983 vocis
729 923 1064 982 scandentis
1117 923 1491 982 theatrorum
1543 925 1918 998 perfecerunt
1972 923 2371 1001 gradationes»,

348 1005 358 1094 Ι
398 1015 458 1071 et
505 1012 886 1088 quaesierunt
932 1031 1039 1088 per
1085 1012 1433 1071 canonicam
1475 1012 2037 1072 mathematicorum
2082 1016 2143 1071 et
2190 1013 2371 1071 musi·
2391 1024 2491 1075 (10)

345 1121 476 1160 cam
513 1091 806 1160 rationem
851 1104 921 1159 ut
967 1119 1376 1176 quaecumque
1414 1120 1529 1160 vox
1574 1103 1729 1160 esset
1773 1101 1836 1159 in
1882 1120 2113 1176 scaena,
2159 1101 2374 1160 clarior
2400 1122 2461 1162 ιο

345 1192 406 1248 et
470 1191 709 1250 suavior
773 1189 849 1248 ad
913 1183 1315 1265 spectatorum
1377 1191 1715 1265 perveniret
1778 1209 1965 1249 aures.
2062 1190 2157 1250 uti
2215 1190 2373 1248 enim

347 1298 572 1357 organa
617 1280 816 1338 aeneis
861 1279 1162 1339 lamminis
1210 1282 1319 1337 aut
1356 1279 1582 1338 corneis
1619 1295 1856 1352 ηχειοιε
1899 1279 1975 1338 ad
2020 1279 2373 1338 chordarum

347 1368 654 1427 sonituum
701 1369 1055 1427 claritatem·
1081 1367 1495 1443 perficiuntur,
1546 1367 1629 1426 sic
1672 1368 2044 1426 theatrorum
2087 1387 2195 1443 per
2238 1368 2373 1426 har-

345 1458 616 1516 monicen
663 1457 740 1516 ad
781 1451 788 1535 Ι
831 1457 1166 1534 augendam
1209 1475 1416 1516 vocem
1451 1457 1937 1516 ratiocinationes
1984 1457 2058 1516 ab
2108 1457 2373 1532 antiquis
2394 1467 2489 1520 (15)

345 1551 486 1606 sunt
529 1545 906 1606 constitutae.
2402 1566 2460 1607 15

239 1644 316 1698 IV
480 1635 840 1694 Harmonice
905 1637 1106 1693 autem
1171 1637 1260 1692 est
1321 1634 1548 1692 musica
1610 1633 1953 1692 litteratura
2006 1634 2253 1692 obscura
2312 1638 2377 1693 et

345 1723 624 1799 difficilis,
671 1723 926 1782 maxime
974 1722 1214 1798 quidem
1259 1723 1473 1797 quibus
1519 1741 1767 1800 graecae
1803 1723 2040 1782 litterae
2077 1742 2198 1781 non
2234 1726 2383 1781 sunt·

344 1816 542 1871 notae.
653 1830 836 1887 quam
899 1811 951 1870 si
1015 1812 1287 1870 volumus
1353 1811 1675 1886 explicare,
1738 1829 1971 1870 necesse
2036 1815 2127 1870 est
2190 1812 2375 1870 etiam

230 1919 235 1924 ·
344 1901 574 1979 graecis
637 1900 832 1960 verbis
905 1900 1021 1976 uti,
1097 1900 1258 1976 quod
1325 1901 1613 1959 nonnulla
1686 1918 1891 1958 eorum
1961 1901 2181 1959 latinas
2252 1919 2375 1959 non

345 1991 568 2049 habent
605 1982 1072 2071 appellafltioneS.
1145 1990 1355 2065 itaque
1391 1994 1461 2048 ut
1494 1992 1743 2065 potuero
1781 2009 1965 2065 quam
2002 1990 2373 2065 apertissime
2404 2012 2461 2051 20

347 2099 418 2137 ex
463 2079 804 2138 Aristoxeni
861 2078 1169 2153 scripturis
1225 2078 1666 2154 interpretabor
1720 2080 1781 2137 et
1834 2079 1960 2137 eius
2006 2079 2376 2156 diagramma

351 2167 716 2227 subscribam
760 2167 1176 2242 finitionesque
1222 2168 1527 2226 sonituum
1572 2167 1908 2245 designabo,
1954 2168 2046 2225 uti
2091 2168 2194 2243 qui
2242 2168 2376 2226 dili—

283 2273 316 2320 2
356 2256 593 2334 gentius
623 2256 948 2315 attenderit
975 2255 1210 2314 facilius
1237 2256 1539 2331 percipere
1575 2256 1781 2332 possit.
1844 2276 1959 2316 vox
1987 2256 2145 2315 enim
2178 2259 2377 2315 muta-

348 2345 612 2405 tionibus
660 2360 794 2404 cum
837 2345 1098 2403 flectitur
1141 2345 1291 2403 alias
1336 2345 1407 2402 fit
1454 2348 1631 2403 acuta
1668 2345 1815 2403 alias
1854 2346 2071 2422 gravis,
2118 2346 2375 2405 duobus—

349 2454 464 2510 que
520 2434 710 2493 modis
765 2436 1055 2508 movetur,
1097 2424 1104 2513 Ι
1147 2453 1178 2491 e
1235 2431 1451 2508 quibus
1505 2453 1657 2493 unus
1712 2435 1953 2493 effectus
2006 2434 2188 2493 habet
2240 2453 2376 2493 con·
2406 2455 2461 2496 85

345 2523 614 2581 tinuatos
661 2523 814 2581 alter
858 2522 1163 2581 distantes.
1207 2517 1214 2601 Ι
1257 2523 1603 2581 continuata
1647 2541 1763 2581 vox
1806 2542 1997 2599 neque
2043 2524 2107 2581 in
2154 2522 2374 2582 finitio·
2398 2533 2523 2589 111

345 2612 523 2671 nibus
569 2612 841 2671 consistit
885 2630 1076 2687 neque
1122 2612 1187 2669 in
1231 2611 1363 2670 loco
1387 2611 1544 2688 11110,
1591 2611 1889 2687 efficitque
1924 2612 2373 2671 terminationes

345 2721 468 2761 non
524 2703 903 2777 apparentes,
967 2700 1287 2759 intervalla
1346 2703 1545 2758 autem
1598 2699 1793 2759 media
1848 2702 2229 2776 apparentia,
2280 2702 2373 2759 uti

491 2877 517 2923 1
559 2872 854 2925 moventur
891 2872 954 2923 H
962 2870 1086 2937 S(G
1091 2872 1156 2939 c):
1205 2872 1356 2924 -etur
1396 2870 1447 2925 G
1492 2872 1619 2938 (νοω
1662 2887 1733 2923 sc.
1780 2887 1893 2924 ‘non
1936 2875 2226 2937 κυκλικῶς,
2280 2872 2375 2926 sed

288 2980 292 2985 -
344 2948 660 3009 εφαιρικῶε,
693 2948 757 2995 ut
784 2941 953 2995 Stoici
979 2944 1042 2995 in
1069 2942 1224 2995 Plae.
1249 2943 1386 3009 phil.
1416 2946 1469 3007 4,
1485 2945 1563 2995 20
1590 2943 1719 2995 adn.
1750 2942 1831 2995 Μ.
1856 2942 2038 2995 Thiel:
2073 2942 2126 2996 J.
2155 2943 2197 3008 f.
2212 2914 2370 2997 'PML

348 3017 474 3081 155,
503 3014 651 3081 368).
695 3015 712 3079 ΙΙ
754 3018 785 3064 2
824 3012 886 3064 in
922 3029 1022 3066 om.
1063 3013 1142 3078 (et
1178 3012 1301 3081 alt.)
1340 3029 1393 3066 ω.
1436 3014 1456 3081 ΙΙ
1498 3017 1529 3063 3
1568 3012 1705 3065 item
1742 3014 1820 3081 (-e
1852 3013 1983 3082 GS)
2018 3031 2083 3067 x:
2120 3012 2204 3066 ita
2236 3012 2324 3066 Gc.
2353 3012 2375 3085 ΙΙ

346 3091 380 3137 5
411 3056 657 3138 secunda
688 3082 764 3135 G.
794 3082 953 3135 -dum
981 3082 1106 3137 HS.
1132 3085 1155 3164 ΙΙ
1185 3088 1214 3135 7
1243 3082 1527 3151 prosecuti
1555 3084 1641 3138 G.
1672 3086 1691 3150 ΙΙ
1717 3088 1749 3136 8
1778 3099 1942 3137 voces
1972 3084 2034 3153 (·'
2016 3102 2067 3137 1s
2092 3085 2164 3139 Gc
2165 3089 2185 3152 )
2214 3100 2375 3137 scan-

347 3155 544 3208 dentes
583 3152 676 3222 (-is
709 3154 801 3221 Ge)
838 3170 892 3207 ω.
949 3153 966 3221 ΙΙ
1024 3158 1089 3205 12
1127 3153 1380 3207 inaeneis
1416 3171 1470 3207 x.
1524 3157 1531 3223 Ι
1582 3172 1810 3220 ηχειοιεε
1856 3154 2034 3208 haeae
2072 3156 2232 3223 (heae
2269 3155 2373 3218 Hc,

343 3224 502 3279 haeae
541 3225 597 3291 S,
636 3224 742 3304 hee
772 3223 837 3293 S)
876 3222 957 3277 sic
991 3231 1105 3285 (11.1
1157 3225 1452 3278 cordarum
1498 3224 1685 3278 sonitu
1720 3244 1776 3280 x.
1831 3227 1849 3295 ΙΙ
1906 3231 1971 3278 13
2008 3225 2373 3280 harmonicen

344 3295 434 3361 H,
483 3294 799 3348 armonicen
833 3294 948 3348 GS.
1005 3295 1023 3363 ΙΙ
1080 3299 1144 3346 16
1181 3294 1543 3349 Harmonice.
1581 3295 1889 3437 Harmonia
1921 3298 2067 3364 HG,
2103 3297 2373 3352 Armonia

346 3441 414 3487 21
455 3435 786 3490 aristoxenis
814 3453 868 3490 x.
904 3438 912 3504 Ι
945 3434 1280 3505 diagragma
1311 3409 1378 3492 G.
1415 3438 1435 3507 ΙΙ
1472 3443 1540 3490 24
1576 3437 1678 3491 fiat
1712 3370 1910 3509 51111126
1951 3439 2215 3492 distantis
2246 3440 2323 3494 Η.

349 3510 418 3558 28
454 3506 642 3559 media
677 3505 937 3574 parentia
967 3525 1021 3561 α’.

346 3366 402 3419 S.
457 3369 476 3435 ΙΙ
532 3371 598 3419 19
653 3363 956 3418 nonnullae
995 3365 1106 3433 (H,
1163 3364 1240 3419 le
1279 3371 1348 3434 (γ’,
1403 3366 1480 3439 -le
1519 3367 1665 3435 SGG)
1700 3386 1756 3421 cr.
1901 3372 1971 3420 20
2016 3369 2212 3437 potero
2261 3368 2315 3422 S.
2352 3368 2379 3512 ΙΙ
2626 3324 2635 3631 Ι
