2664 3927
356 161 490 226 220
1201 159 1530 216 VITRUVII

355 312 672 372 vehemens
716 311 900 370 radiis
945 310 1170 388 trigoni
1205 312 1399 370 forma
1434 309 1721 386 porrectis
1756 309 2135 386 insequentes
2174 311 2383 370 stellas

358 401 436 459 ad
481 420 542 460 se
588 400 860 476 perducit
895 401 955 458 et
991 401 1131 459 ante
1169 403 1471 459 currentes
1508 399 1698 459 veluti
1734 399 2086 460 refrenando
2123 400 2381 458 retinen-

358 489 559 565 doque⁷
619 507 738 548 non
801 489 1030 564 patitur
1085 487 1368 564 progredi
1425 488 1529 548 sed
1589 488 1667 546 ad
1724 507 1786 548 se
1844 483 2091 567 (cogit)
2146 489 2383 565 regredi

356 574 582 657 (dum)
625 578 690 636 in
736 576 983 636 alterius
1028 577 1252 654 trigoni
1297 577 1537 654 signum
1582 580 1769 636 exeat.

254 683 320 730 13
491 668 766 727 Fortasse
823 665 1257 725 desiderabitur
1302 665 1447 741 quid
1490 665 1580 724 ita
1624 666 1714 726 sol
1760 666 1973 741 quinto
2020 684 2057 724 a
2102 684 2165 725 se
2211 667 2385 743 signo
2412 687 2439 726 5

361 749 368 838 Ι
399 758 600 833 potius
647 774 827 830 quam
873 754 1131 814 secundo
1178 757 1284 812 aut
1325 755 1507 814 tertio
1555 773 1707 830 quae
1744 757 1883 813 sunt
1916 754 2200 831 propiora
2233 755 2384 813 facit
2402 765 2497 817 (25)

353 846 418 904 in
462 846 556 904 his
592 843 924 904 fervoribus
959 843 1322 903 retentiones
1338 842 1369 901 ‘1'
1440 862 1582 921 ergo
1621 843 2120 920 quemadmodum
2154 843 2219 901 id
2252 843 2384 902 fieri

354 926 652 1015 vildeatur
696 951 1002 1009 exponam.
1077 932 1206 992 eius
1249 932 1406 991 radii
1451 934 1514 992 in
1557 933 1780 992 mundo
1826 933 1917 992 uti
1960 932 2187 1009 trigoni
2220 933 2382 1008 pari-
2403 942 2528 998 223

355 1022 465 1082 bus
520 1021 806 1080 lateribus
860 1023 1054 1081 forma
1105 1021 1530 1082 lineationibus
1582 1022 1997 1082 extenduntur.
2070 1021 2134 1079 id
2178 1024 2382 1080 autem

355 1129 464 1170 nec
507 1110 643 1186 plus
687 1129 796 1169 nec
839 1111 1035 1170 minus
1081 1114 1174 1170 est
1217 1110 1295 1169 ad
1343 1112 1619 1186 quintum
1654 1110 1730 1168 ab
1768 1130 1837 1171 eo
1874 1111 2127 1188 signum.
2188 1109 2382 1187 igitur
2410 1133 2466 1171 ιο

356 1201 407 1258 si
442 1199 599 1258 radii
633 1219 741 1275 per
776 1218 1011 1259 omnem
1045 1199 1332 1258 mundum
1358 1200 1478 1258 fusi
1506 1199 1989 1258 circinationibus
2014 1202 2384 1276 vagarentur

355 1308 549 1364 neque
597 1281 1050 1370 extenltionibus
1095 1288 1357 1364 porrecti
1401 1288 1479 1346 ad
1521 1288 1745 1364 trigoni
1788 1289 2043 1348 formam
2086 1287 2380 1350 linearen-
2401 1300 2467 1350 (⁵)

355 1381 472 1452 tur,
517 1379 798 1454 propiora
841 1377 1180 1454 flagrarent.
1253 1377 1316 1435 id
1362 1380 1564 1435 autem
1608 1377 1792 1437 etiam
1836 1376 2150 1452 Euripides
2198 1375 2381 1435 Grae-

356 1486 561 1526 corum
615 1470 795 1542 poeta
839 1464 1328 1526 animadvertisse
1373 1465 1625 1526 videtur.
1717 1465 1807 1524 ait
1850 1465 2009 1524 enim
2054 1483 2207 1541 quae
2252 1465 2381 1525 lon-

357 1557 490 1632 gius
538 1574 574 1614 a
620 1555 743 1615 sole
789 1557 986 1613 essent
1024 1555 1170 1613 haec
1205 1554 1613 1614 vehementius
1652 1554 1875 1629 ardere,
1918 1554 2202 1630 propiora
2236 1573 2380 1613 vero
2412 1575 2467 1615 15

358 1665 496 1704 eum
530 1647 865 1720 temperata
899 1642 1131 1702 habere.
1186 1643 1393 1718 itaque
1432 1642 1638 1702 scribit
1671 1644 1734 1702 in
1770 1642 1979 1701 fabula
2005 1643 2381 1701 Phaethonte

254 1741 322 1788 14
360 1736 444 1792 sic
490 1750 649 1793 καιει
695 1749 773 1791 τα
827 1748 1068 1805 πορρω,
1111 1726 1121 1810 Ι
1161 1734 1481 1803 ταγγυθεν
1528 1726 1585 1790 δ’
1630 1726 1880 1805 ευκρατ’
1923 1747 2072 1805 εχει.
2136 1731 2189 1790 si
2235 1750 2379 1808 ergo
2401 1743 2496 1794 (ιο)

354 1841 449 1880 res
514 1827 576 1882 et
630 1823 788 1880 ratio
848 1823 911 1879 et
967 1819 1376 1879 testimonium
1432 1823 1648 1896 poetae
1703 1819 1923 1880 veteris
1983 1820 2046 1878 id
2102 1819 2381 1896 ostendit,

355 1929 474 1970 non
529 1915 676 1988 puto
729 1910 906 1970 aliter
956 1911 1231 1985 oportere
1283 1908 1537 1969 iudicari
1589 1908 1706 1968 nisi
1762 1908 2261 1985 quemadmodum
2306 1908 2381 1967 de

351 2019 428 2058 ea
472 2019 535 2057 re
582 2019 763 2077 supra
807 2000 1096 2075 scriptum
1141 1998 1446 2057 habemus,
2411 2022 2466 2061 so

488 2088 648 2147 Iovis
695 2092 898 2147 autem
940 2089 1098 2146 inter
1133 2087 1347 2147 Martis
1385 2091 1445 2145 et
1482 2086 1729 2145 Saturni
1764 2087 2209 2147 circinationem
2247 2106 2381 2145 cur-

361 2169 507 2258 {rens
553 2178 839 2236 maiorem
885 2194 1066 2253 quam
1110 2176 1298 2250 Mars,
1350 2176 1639 2234 minorem
1683 2194 1865 2252 quam
1910 2176 2201 2235 Saturnus
2245 2196 2380 2252 per·
2404 2192 2499 2241 (15)

355 2267 524 2326 volat
577 2284 827 2325 cursum.
917 2267 1066 2325 item
1117 2265 1388 2341 reliquae
1442 2265 1652 2325 stellae
1706 2283 1827 2341 quo
1881 2265 2107 2324 maiore
2162 2264 2384 2323 absunt

357 2355 554 2431 spatio
610 2354 683 2413 ab
735 2357 997 2415 extremo
1044 2355 1208 2414 caelo
1251 2371 1717 2430 proxumamque
1761 2353 1985 2412 habent
2027 2358 2221 2412 terrae
2268 2354 2382 2412 cir-

502 2602 528 2649 1
568 2594 1015 2650 vehemensadiis
1053 2598 1120 2649 tr.
1151 2595 1240 2662 H,
1283 2613 1336 2649 v.
1377 2593 1524 2647 adiis
1561 2596 1630 2647 tr.
1662 2594 1803 2661 ΕΘ,
1846 2611 1898 2647 v.
1938 2610 1974 2647 a
2010 2591 2309 2663 distrigoni
2339 2594 2387 2649 S

357 2670 516 2735 (corr.
546 2668 635 2737 L).
673 2669 692 2736 ΙΙ
729 2673 760 2720 2
797 2686 852 2737 p.
890 2669 948 2720 et
985 2668 1142 2721 ante:
1179 2685 1234 2735 p.
1272 2667 1470 2719 tantae
1506 2668 1585 2738 (-e
1613 2664 1755 2735 ΕΘ)
1783 2664 1995 2733 ΗΕΘ,
2030 2684 2084 2735 p.
2115 2666 2247 2718 ante
2276 2664 2331 2719 S.
2361 2666 2385 2737 ΙΙ

359 2744 390 2791 3
431 2739 530 2793 sed
556 2770 627 2779 --
655 2742 730 2808 (4)
759 2740 946 2793 exeat:
983 2738 1084 2791 sed
1120 2737 1195 2791 ad
1233 2753 1293 2790 se
1328 2736 1465 2806 (sed·
1506 2753 1566 2790 se
1596 2736 1653 2804 S,
1696 2737 1795 2790 ubi
1828 2737 1893 2789 in
1926 2754 1995 2791 m.
2033 2740 2150 2806 ipse
2193 2736 2381 2805 suppl.

355 2813 412 2879 a)
448 2810 670 2880 regredi
703 2809 764 2863 in
802 2808 1032 2863 alterius
1069 2810 1138 2863 tr.
1178 2825 1220 2862 s.
1260 2824 1382 2861 esse
1419 2810 1510 2875 (e—e
1536 2806 1604 2876 S)
1642 2824 1696 2861 x.
1735 2808 1754 2876 ΙΙ
1790 2812 1823 2859 6
1858 2806 2122 2877 propiora
2149 2806 2212 2861 S:
2250 2822 2380 2876 pro-

355 2881 549 2951 priora
577 2880 787 2936 ΗΕΘ.
817 2884 836 2950 ΙΙ
864 2886 895 2933 9
931 2879 1206 2933 lateribus
1234 2878 1382 2933 EG:
1420 2878 1805 2946 lateribusque
1832 2879 1898 2932 H
1906 2878 2089 2948 Sfflc).
2124 2878 2133 2949 Ι
2162 2876 2385 2933 formae

355 2954 434 3025 (ας
465 2951 584 3019 GS,
620 2968 676 3005 -e
703 2951 791 3020 E)
826 2969 881 3005 cc.
916 2953 924 3020 Ι
955 2949 1349 3005 liniationibus
1386 2966 1439 3003 x.
1484 2952 1503 3018 ΙΙ
1547 2954 1613 3002 10
1652 2950 1727 3003 ad
1764 2948 1963 3017 quinta
2000 2950 2073 3004 ab
2111 2965 2175 3003 eo
2213 2948 2383 3019 signo

355 3042 412 3079 x.
459 3026 478 3091 u
524 3028 591 3075 12
627 3021 962 3075 liniarentur
994 3039 1049 3077 ω.
1105 3023 1124 3091 ΙΙ
1179 3025 1246 3073 13
1283 3020 1550 3090 propiora
1586 3019 1744 3076 HcS:
1780 3020 2072 3090 propriora
2108 3020 2322 3077 ΗΕΘ.
2361 3022 2383 3090 Η

358 3100 424 3147 15
464 3093 660 3147 ardere
697 3109 795 3147 om.
829 3092 881 3147 Θ
919 3094 1053 3162 (non
1079 3092 1182 3161 Ε).
1243 3093 1251 3162 Ι
1308 3091 1575 3161 propiora
1602 3091 1751 3147 SEc:
1790 3090 2084 3161 propriora
2110 3090 2323 3147 ΗΕΘ.
2360 3093 2385 3165 ΙΙ

357 3170 424 3221 16
478 3164 786 3233 phaetonte
828 3163 919 3229 Η,
979 3162 1251 3231 phetonte
1288 3162 1477 3217 EGS.
1541 3165 1561 3232 ΙΙ
1625 3168 1689 3216 17
1750 3179 2382 3233 namna-tromranry-

358 3248 902 3303 rna1e1eyxraraexe1
946 3232 1148 3287 ΕΘΗ
1194 3236 1309 3287 nisi
1363 3235 1507 3303 quod
1552 3254 1588 3287 Λ
1625 3250 1733 3303 pro
1779 3249 1815 3286 a
1858 3251 2065 3304 semper
2114 3236 2275 3291 habet
2321 3236 2388 3289 E

355 3305 513 3358 semel
545 3306 595 3360 Θ
621 3320 839 3357 Karena
871 3347 882 3357 .
914 3344 926 3356 .
960 3347 969 3357 .
995 3346 1009 3369 ‚
1045 3310 1096 3358 et
1123 3305 1267 3375 quod
1291 3305 1557 3359 dimidias
1584 3305 1687 3359 litt.
1715 3306 1773 3359 Π
1791 3312 2001 3375 parta,
2027 3324 2166 3375 quae
2185 3313 2381 3375 postea

355 3374 536 3437 factae
571 3382 702 3429 swnt
735 3378 826 3425 ΤΓ
864 3374 948 3443 (in
975 3373 1019 3428 S
1049 3393 1130 3443 rr,
1177 3376 1274 3444 qui
1307 3392 1436 3429 nwae
1471 3383 1522 3431 et
1556 3394 1589 3429 τ
1619 3392 1727 3445 pro
1762 3396 1791 3431 ι·
1826 3378 1947 3446 bis),
1984 3379 2192 3433 elarius
2225 3395 2380 3433 mon·

356 3449 496 3495 strat
532 3444 602 3496 H
629 3446 731 3499 sic:
779 3447 882 3499 ἹΓ.
939 3446 958 3513 ΙΙ
1013 3450 1077 3497 21
1127 3444 1553 3500 circinationem
1599 3446 1661 3501 E
1672 3447 1794 3503 GS:
1857 3447 2203 3503 circitionem
2242 3450 2319 3503 H.
2356 3450 2381 3523 Η

359 3512 428 3559 24
463 3528 791 3576 proxumam
819 3515 904 3569 H:
941 3514 1254 3583 proximam
1279 3516 1403 3571 ΕΘ
1415 3517 1468 3571 S.
