2664 3927
358 156 488 222 292
1008 155 1084 211 Μ.
1124 154 1288 210 ΟΕΤῙ
1323 153 1729 210 FAVENTINI

357 307 521 383 operi
575 308 843 366 tectorio,
941 306 1006 364 in
1059 305 1474 365 commixtione
1533 305 1609 363 ad
1661 305 1809 366 duas
1862 308 2061 381 partes
2126 306 2388 364 harenae

358 416 477 456 una
514 396 692 456 calcis
733 397 1028 454 mittatur.
1102 395 1166 452 in
1200 394 1487 453 fluviatili
1532 397 1731 453 autem
1776 394 1997 453 harena
2043 396 2095 454 si
2140 395 2390 454 tertiam

356 487 590 560 partem
644 487 832 544 testae
888 487 1082 544 cretae
1141 481 1466 558 addideris,
1520 483 1735 542 miram
1781 483 2145 543 soliditatem
2190 484 2389 561 operis

399 573 702 634 raestabit.

95 653 260 748 xflffig
275 594 397 748 ¹5⁸2?
549 661 831 721 Faciendi
885 663 1086 720 autem
1129 661 1347 735 lateres
1394 662 1533 719 sunt
1578 679 1647 720 ex
1700 663 1860 719 terra
1907 660 2044 719 alba
2088 661 2182 720 vel
2230 663 2395 720 creta
2430 681 2457 722 5

149 762 339 803 ciendu-
416 751 512 810 vel
552 746 562 829 Ι
600 750 834 810 rubrica
880 752 989 809 aut
1033 749 1314 809 sabulone
1361 749 1643 808 masculo.
1733 749 1880 808 haec
1924 767 2142 826 genera
2191 752 2392 808 terrae
2416 762 2521 812 (25)

95 834 384 939 (aff-3²23}-
416 842 661 916 propter
694 839 1004 899 levitatem
1039 838 1290 898 fortiora
1327 839 1468 896 sunt
1504 839 1685 914 operi.
1758 841 1955 896 cetera
1991 857 2209 916 genera
2245 858 2396 914 quo-

272 918 284 940 ’
412 930 574 987 niam
612 931 718 987 aut
754 929 962 1005 gravia
999 930 1140 986 sunt
1167 930 1272 985 aut
1307 927 1512 1002 paleas
1548 946 1669 987 non
1704 927 2010 986 continent
2044 929 2152 986 aut
2188 946 2396 987 umore

361 1035 567 1093 sparsa
603 1017 721 1076 cito
763 1011 772 1095 Ι
815 1017 1141 1090 solvuntur,
1185 1018 1504 1091 propterea
1538 1015 1781 1074 fabricis
1817 1016 2059 1076 inutilia
2094 1016 2395 1076 videntur.
2416 1026 2548 1082 296

358 1105 610 1164 ducendi
665 1109 869 1164 autem
923 1108 1062 1164 sunt
1115 1106 1332 1164 lateres
1390 1123 1570 1164 verno
1627 1107 1921 1180 tempore,
1975 1107 2044 1163 ut
2098 1124 2170 1163 ex
2222 1106 2392 1165 lento
2424 1128 2483 1167 ιο

357 1196 697 1254 siccescant.
789 1195 895 1270 qui
949 1194 1106 1253 enim
1161 1194 1467 1254 solstitiali
1520 1196 1787 1269 tempore
1832 1196 2138 1269 parantur,
2183 1195 2394 1253 vitiosi

359 1283 530 1358 fiunt,
579 1283 860 1360 quoniam
905 1283 1066 1343 calor
1111 1283 1253 1343 solis
1299 1282 1560 1342 torridus
1606 1283 1832 1341 corium
1875 1282 1940 1340 in
1991 1301 2223 1342 summo
2270 1285 2393 1342 cito

359 1372 635 1446 desiccat,
681 1375 741 1431 et
779 1372 949 1448 quasi
985 1363 1224 1454 inltegri
1259 1371 1553 1446 videntur,
1596 1374 1806 1447 postea
1842 1390 2012 1431 umor
2048 1372 2395 1432 interaneus
2416 1384 2480 1435 (5)

359 1461 500 1520 dum
557 1461 814 1520 siccatur
869 1461 1167 1520 contrahit
1220 1461 1448 1519 frontes
1506 1462 1567 1518 et
1612 1459 1885 1520 scissuris
1930 1461 2147 1520 dividit
2196 1463 2257 1520 et
2301 1461 2395 1520 in-

358 1551 536 1610 utiles
592 1550 759 1626 operi
812 1550 1030 1608 lateres
1084 1548 1248 1607 facit.
1350 1548 1603 1607 maxime
1659 1551 1863 1608 tamen
1916 1549 2169 1608 tectorio
2225 1550 2395 1625 operi
2426 1570 2481 1610 15

359 1639 602 1698 inutiles
671 1640 869 1711 erunt,
933 1637 985 1696 si
1053 1639 1192 1696 ante
1253 1637 1561 1696 biennium
1624 1637 1956 1697 inducatur.
2057 1657 2177 1697 non
2234 1639 2397 1696 enim

359 1730 612 1803 possunt
658 1728 798 1786 ante
842 1726 1080 1802 penitus
1129 1726 1355 1786 siccari.
1427 1726 1584 1784 fiunt
1628 1729 1830 1786 autem
1875 1727 2130 1786 laterum
2175 1746 2397 1804 genera

360 1817 497 1876 tria.
571 1836 759 1875 unum
805 1814 965 1890 quod
1009 1833 1221 1893 graece
1258 1814 1519 1890 Lydium
1564 1806 1936 1897 aplpeUatur,
1982 1813 2229 1892 longum
2274 1835 2394 1876 ses·
2415 1827 2505 1878 (10)

365 1904 618 1981 quipede
663 1905 858 1963 latum
899 1904 1069 1981 pede,
1113 1923 1234 1981 quo
1271 1904 1464 1963 nostri
1498 1906 1766 1963 utuntur.
1841 1908 1983 1965 sunt
2020 1907 2080 1963 et
2116 1905 2239 1966 alia
2274 1906 2395 1965 duo

361 1993 622 2052 laterum
648 2012 882 2071 genera,
920 2014 1108 2053 unum
1143 1994 1565 2068 πενταδωρον
1593 1996 1654 2052 et
1681 1995 1935 2053 alterum
1961 1995 2389 2069 τετραδωρον.
2420 2016 2475 2056 20

362 2082 577 2155 δωρον
627 2085 826 2141 autem
873 2080 1084 2141 Graeci
1137 2083 1406 2158 palmum
1465 2083 1790 2158 appellant.
1881 2083 2087 2158 itaque
2133 2084 2393 2145 artifices

365 2171 625 2246 quinque
676 2171 1016 2247 palmorum
1068 2171 1309 2246 publica
1368 2190 1549 2247 opera
1595 2175 1863 2231 extruere
1910 2176 2273 2231 consuerunt
2332 2177 2393 2232 et

359 2277 456 2317 Im
506 2260 896 2336 privatorum.
1000 2259 1131 2317 fieri
1192 2259 1489 2318 debebunt
1552 2262 1611 2319 et
1666 2261 2026 2320 semilateria
2068 2256 2075 2339 Ι
2116 2262 2391 2322 remissas
2410 2272 2499 2324 (15)
2616 2246 2620 2324 ι’

365 2366 516 2422 quae
580 2348 838 2407 laterum
898 2348 1206 2407 iuncturas
1271 2348 1625 2425 interposita
1686 2353 1982 2426 reparent.
2084 2350 2174 2409 ita
2233 2352 2392 2409 enim
2612 2348 2616 2432 ,¹

362 2435 467 2494 fiet
521 2439 590 2495 ut
649 2455 785 2495 cum
840 2437 991 2495 alter
1048 2438 1294 2496 alterius
1350 2439 1615 2515 protegit
1668 2438 2167 2515 coniunctionem,
2220 2439 2391 2498 firma
2417 2459 2471 2499 25
2610 2446 2613 2485 Ι

363 2527 697 2585 structurae
743 2526 1013 2588 soliditas
1060 2529 1284 2603 surgat.
2606 2498 2610 2538 ¹

99 2606 292 2700 {231ssss
313 2616 394 2701 132]
555 2613 836 2674 Latericii
860 2615 1118 2691 parietes
1144 2615 1337 2674 tribus
1364 2615 1807 2675 inductionibus
1842 2616 2007 2691 prius
2044 2615 2388 2692 solidentur,

101 2712 280 2777 toriqfis
326 2717 395 2754 te·
421 2706 495 2762 ut
539 2722 686 2779 opus
730 2703 1047 2763 tectorium
1091 2703 1217 2763 sine
1252 2703 1403 2763 vitio
1451 2703 1763 2780 accipiant.
1844 2723 1985 2763 nam
2030 2705 2081 2764 si
2126 2707 2388 2764 recentes

102 2769 395 2868 “ssfssffissfl
426 2784 780 2875 strulcturae
827 2795 889 2851 et
931 2791 1302 2852 inductiones
1348 2793 1571 2851 fuerint
1604 2796 1663 2852 et
1696 2812 1817 2852 non
1854 2796 1991 2852 ante
2023 2793 2387 2870 siccaverint,
2404 2806 2493 2855 (20)

101 2890 370 2992 ‹gg-1²21?
425 2900 560 2940 cum
586 2900 846 2941 arescere
876 2880 1191 2957 coeperint,
1219 2881 1489 2941 scissuris
1507 2883 1881 2941 venustatem
1910 2882 2103 2958 operis
2130 2900 2388 2941 corrum-
2414 2904 2469 2943 so

223 2973 234 2985 ‘
280 2974 292 2997 ’
364 2945 393 2997 )“
420 2973 580 3045 pent.
679 2970 743 3027 in
805 2970 952 3028 urbe
1017 2972 1216 3029 autem
1277 2972 1523 3046 propter
1581 2970 2026 3030 multitudinem
2087 2972 2389 3030 hominum

361 3060 618 3134 parietes
664 3058 1039 3118 caementicii
1083 3059 1268 3118 altius
1306 3061 1634 3134 struuntur,
1680 3078 1753 3118 ne
1790 3060 1973 3119 latius
2012 3060 2127 3121 soli
2160 3060 2384 3137 magni-

365 3147 635 3205 tudinem
699 3151 1000 3222 occupent.
1111 3148 1323 3206 merito
1390 3166 1531 3225 ergo
1597 3148 1929 3207 latericiam
1989 3148 2207 3207 habere
2270 3168 2385 3208 non

363 3234 578 3309 potuit,
605 3255 679 3293 ne
705 3236 965 3311 pondere
998 3228 1005 3317 Ι
1039 3235 1156 3296 cito
1186 3239 1467 3313 corrupta
1492 3237 1721 3297 fabrica
1744 3237 2058 3296 laberetur.
2105 3237 2381 3297 latericiis
2402 3249 2481 3300 (25)

365 3338 504 3395 ergo
561 3323 889 3398 parietibus
935 3323 1086 3384 vitia
1140 3345 1294 3401 quae
1352 3326 1545 3385 solent
1599 3326 1862 3387 accidere
1918 3346 1991 3386 ne
2047 3326 2221 3401 fiant,
2276 3327 2380 3387 hoc
2407 3348 2457 3389 ³5

364 3406 539 3466 modo
586 3411 700 3469 erit
743 3412 1190 3486 providendum.
1263 3415 1328 3472 in
1374 3417 1715 3475 summitate
1756 3416 2054 3492 parietum
2090 3418 2380 3475 structura
2569 3412 2571 3415 ’

367 3491 628 3553 testacea
674 3516 806 3555 cum
851 3500 1318 3574 prominentibus
1366 3505 1595 3565 coronis
1634 3505 1949 3565 altitudine
1987 3505 2377 3581 sesquipedali

239 3785 296 3812 L.
