2664 3927
355 174 483 240 120
1203 171 1533 228 VITRUVII

349 324 498 384 ratis
547 322 946 401 designentur,
994 321 1357 384 Graecorum
1399 321 1661 382 habeant
1703 341 1863 398 usus,
1907 322 2098 382 latina
2134 343 2166 381 e
2212 325 2383 400 pari-

349 413 462 472 bus
521 413 807 472 lateribus
859 413 1248 490 trigonorum.
1339 410 1429 470 ita
1485 411 1579 470 his
1640 411 2204 488 praescriptionibus
2269 414 2383 490 qui

350 501 607 562 voluerit
651 501 760 576 uti,
811 500 1152 561 emendatas
1200 499 1419 558 efficiet
1461 500 1831 560 theatrorum
1873 501 2283 576 perfectiones.
2628 503 2630 596 Ι

260 601 338 656 IX
467 583 497 673 Ι
527 591 675 651 Post
729 609 1003 649 scaenam
1055 587 1319 666 porticus
1375 591 1516 648 sunt
1568 589 2041 664 constituendae,
2093 589 2186 650 uti
2238 610 2381 650 cum
2402 601 2508 653 (2⁵)
2628 597 2630 700 Ι

348 679 568 739 imbres
605 679 900 755 repentini
936 678 1112 739 ludos
1148 677 1681 754 interpellaverint,
1714 677 1935 736 habeat
1969 679 2223 755 populus
2253 699 2377 755 quo
2446 699 2476 739 5

349 787 412 828 se
439 760 711 850 reciniat
747 787 818 826 ex
852 767 1085 826 theatro
1124 767 1519 844 choragiaque
1555 767 1957 825 laxamentum
1991 767 2253 827 habeant
2287 768 2371 830 ad
2394 767 2527 822 122

351 856 830 934 comparandum.
938 855 1036 915 uti
1105 857 1244 915 sunt
1313 854 1577 930 porticus
1640 855 2037 932 Pompeianae
2109 856 2379 932 itemque
2630 847 2633 1012 Ι

348 945 604 1004 Athenis
661 945 927 1021 porticus
980 944 1338 1004 Eumenicae
1393 944 1707 1020 Patrisque
1760 944 1961 1003 Liberi
2013 946 2246 1019 fanum,
2312 949 2380 1005 et
2630 1013 2632 1036 1

351 1034 701 1093 exeuntibus
747 1053 779 1092 e
832 1034 1066 1094 theatro
1123 1032 1367 1092 sinistra
1419 1036 1591 1110 parte
1638 1032 1878 1108 odeum,
1934 1033 2093 1109 quod
2137 1033 2377 1093 Themi-
2630 1037 2632 1102 i

350 1123 563 1182 stocles
603 1116 612 1202 Ι
654 1121 940 1182 columnis
983 1121 1236 1199 lapideis
1281 1121 1611 1199 dispositis,
1655 1121 1898 1181 navium
1942 1123 2115 1182 malis
2162 1125 2223 1181 et
2268 1141 2376 1182 an-
2396 1137 2454 1176 10
2470 1136 2537 1189 (⁵)
2630 1119 2632 1126 ’

350 1211 566 1272 temnis
613 1231 644 1270 e
701 1210 908 1289 spoliis
954 1211 1206 1271 Persicis
1252 1211 1536 1286 pertexit,
1591 1210 1749 1268 idem
1803 1213 2003 1270 autem
2057 1210 2238 1270 etiam
2282 1211 2375 1270 in-
2632 1215 2635 1340 Ι

351 1319 592 1360 censum
671 1300 1075 1360 Mithridatico
1156 1300 1314 1360 bello
1395 1319 1497 1358 rex
1577 1299 2005 1358 Ariobarzanes
2086 1299 2376 1376 restituit,

349 1390 640 1466 Zmyrnae
677 1388 1130 1463 Stratoniceum,
1166 1387 1468 1447 Trallibus
1502 1387 1768 1464 porticus
1807 1407 1877 1447 ex
1911 1390 2164 1464 utraque
2200 1391 2377 1463 parte

349 1497 597 1539 scaenae
644 1497 824 1554 supra
859 1477 1138 1552 stadium,
1185 1476 1514 1552 ceterisque
1551 1476 1897 1536 civitatibus
1936 1495 2086 1552 quae
2123 1476 2375 1554 diligen-

348 1568 531 1628 tiores
558 1567 894 1627 habuerunt
919 1565 1272 1625 architectos
1314 1564 1323 1638 Ι
1365 1554 1520 1624 circa
1555 1565 1791 1624 theatra
1829 1567 1969 1624 sunt
1999 1567 2264 1642 porticus
2303 1568 2367 1624 et
2382 1579 2432 1620 15
2446 1579 2540 1630 (10)

280 1672 312 1719 2
351 1656 802 1716 ambulationes
894 1673 1046 1730 quae
1109 1653 1389 1714 videntur
1449 1653 1538 1712 ita
1595 1657 1867 1730 oportere
1927 1653 2222 1714 conlocari
2278 1655 2373 1714 uti

351 1745 618 1820 duplices
663 1744 784 1803 sint
827 1743 1204 1819 habeantque
1251 1743 1570 1802 exteriores
1617 1743 1921 1802 columnas
1966 1742 2194 1802 doricas
2234 1760 2374 1800 cum

351 1833 644 1909 epistyliis
690 1835 751 1892 et
795 1831 1156 1891 ornamentis
1204 1851 1275 1890 ex
1317 1830 1551 1890 ratione
1596 1830 2021 1890 modulationis
2060 1832 2373 1907 perfectas.

349 1920 698 1981 latitudines
762 1915 964 1981 autem
1028 1939 1231 1980 earum
1283 1920 1373 1979 ita
1437 1922 1709 1996 oportere
1766 1919 1894 1979 fieri
1948 1919 2225 1981 videntur
2280 1918 2375 1979 uti

352 2014 579 2087 quanta
624 2010 939 2069 altitudine
985 2011 1293 2071 columnae
1338 2009 1565 2069 fuerint
1610 2000 1963 2090 exteriolres,
2006 2012 2239 2069 tantam
2284 2010 2538 2073 la-2⁰(1⁵>

352 2098 669 2157 titudinem
721 2099 982 2158 habeant
1036 2099 1110 2157 ab
1166 2098 1445 2159 inferiore
1498 2101 1669 2175 parte
1722 2097 2126 2157 columnarum
2181 2100 2371 2156 extre-

350 2206 583 2246 marum
628 2187 706 2245 ad
748 2187 973 2246 medias
1028 2189 1090 2245 et
1135 2206 1172 2245 a
1216 2186 1507 2247 medianis
1552 2187 1630 2246 ad
1673 2187 1932 2263 parietes
1978 2188 2082 2263 qui
2126 2188 2370 2245 circum-

353 2275 600 2336 cludunt
642 2275 905 2352 porticus
950 2275 1399 2335 ambulationes.
1481 2275 1791 2335 medianae
1829 2276 2028 2335 autem
2064 2276 2371 2335 columnae

355 2365 564 2441 quinta
607 2366 779 2440 parte
826 2364 1067 2423 altiores
1114 2365 1235 2423 sint
1281 2382 1462 2440 quam
1507 2364 1840 2439 exterioreS,
1886 2363 1989 2423 sed
2034 2367 2142 2422 aut
2174 2364 2369 2423 ionico

283 2468 316 2517 3
353 2456 460 2511 aut
533 2452 821 2513 corinthio
884 2472 1097 2530 genere
1169 2452 1587 2512 deformentur.
1697 2453 2101 2512 columnarum
2165 2455 2369 2511 autem
2397 2475 2450 2515 ²5

358 2533 366 2623 Ι
405 2542 820 2618 proportiones
874 2544 936 2600 et
994 2542 1372 2618 symmetriae
1417 2560 1537 2601 non
1592 2545 1766 2600 erunt
1807 2540 1996 2601 isdem
2038 2540 2368 2600 rationibus
2386 2556 2478 2606 (20)

355 2629 571 2706 quibus
615 2630 680 2688 in
725 2630 969 2690 aedibus
1024 2631 1205 2690 sacris
1260 2630 1487 2707 scripsi.
1578 2630 1762 2689 aliam
1816 2629 1971 2689 enim
2014 2630 2078 2689 in
2127 2629 2369 2688 deorum

352 2718 592 2795 templis
638 2718 854 2778 debent
897 2719 1111 2778 habere
1158 2720 1545 2796 gravitatem,
1602 2719 1784 2778 aliam
1828 2719 1891 2777 in
1938 2716 2261 2795 porticibus
2308 2721 2368 2775 et

499 2929 527 2977 1
550 2922 914 2994 designentur
941 2967 953 2979 .
984 2965 997 2978 .
1028 2967 1040 2979 .
1070 2923 1319 2979 habeant
1339 2924 1476 2979 HS:
1508 2923 1874 3005 designantur
1901 2964 1913 2977 .
1946 2965 1958 2977 .
1991 2966 2001 2977 .
2030 2922 2242 2977 habent
2262 2920 2367 3003 Qu

354 3001 386 3048 2
424 2993 604 3049 latine
639 2996 718 3066 (-e
753 2995 846 3064 (3⁶)
880 2994 1100 3049 rai-ibus
1134 3012 1190 3050 x.
1244 2997 1264 3064 ΙΙ
1317 3000 1351 3048 8
1388 2994 1662 3049 eumenici
1699 2994 1769 3048 H
1772 2993 1953 3064 Sffic),
1990 3010 2119 3048 eum
2152 3008 2368 3047 menem

357 3064 423 3121 G.
459 3067 469 3135 Ι
498 3063 694 3117 fanum
720 3065 864 3135 (sicut
892 3067 962 3131 εἰ.
985 3066 1279 3135 Dorpfeld:
1313 3066 1706 3135 Mitteilwnqen
1732 3066 1823 3119 des
1850 3066 1994 3119 arch.
2014 3065 2150 3119 Inst.
2172 3064 2365 3119 Athen.

353 3136 484 3191 Abt.
514 3135 686 3190 XIII
705 3137 915 3205 (1888),
946 3139 1069 3190 102.
1115 3138 1134 3205 ΙΙ
1182 3140 1248 3189 10
1283 3135 1435 3190 milis
1470 3153 1526 3191 ω.
1560 3138 1569 3205 Ι
1602 3134 1879 3188 antemnis
1916 3136 2049 3205 (non
2084 3133 2364 3205 antennis)

355 3208 435 3260 sic
468 3222 649 3260 omnes
685 3204 1178 3276 (GHSLPvzch)
1216 3208 1377 3261 etiam
1405 3224 1464 3276 p.
1494 3209 1623 3273 254,
1645 3209 1694 3259 7.
1731 3208 1751 3275 ΙΙ
1790 3211 1855 3259 13
1900 3222 2156 3275 smyrnae
2196 3208 2271 3316 (fe
2298 3204 2366 3275 S)

357 3308 427 3361 H
429 3310 495 3390 S,
521 3310 725 3365 smirne
755 3311 823 3368 G.
867 3312 937 3378 cf.
959 3328 1018 3381 p.
1048 3315 1140 3380 85,
1157 3317 1224 3367 11
1261 3318 1357 3367 etc.
1400 3314 1409 3383 Ι
1450 3310 1871 3365 sirationiceum
1906 3311 1976 3382 (si
2010 3312 2229 3366 ratione
2266 3315 2367 3365 cel—1

357 3377 415 3444 S,
451 3381 644 3436 siratio
679 3381 902 3437 niceum
932 3383 1006 3452 G)
1039 3400 1094 3438 x.
1141 3384 1149 3454 Ι
1195 3382 1451 3438 trabibus
1482 3383 1547 3436 H
1551 3380 1611 3450 S,
1645 3380 1903 3437 tradibus
1940 3382 2007 3437 G.
2053 3384 2063 3453 Ι
2104 3383 2266 3451 parte
2301 3383 2367 3436 ut

361 3460 564 3531 scaene·
585 3454 685 3520 (H,
713 3452 884 3528 ⁸k9119
912 3452 970 3521 S,
988 3469 1159 3535 ‚sceno
1191 3454 1263 3523 G)
1289 3471 1345 3509 x.
1373 3455 1392 3523 ΙΙ
1422 3459 1488 3507 18
1516 3451 1919 3507 modulationis
1949 3452 1993 3508 S
2001 3478 2014 3509 z
2044 3468 2165 3535 -nes
2193 3451 2327 3508 HG.
2348 3452 2369 3525 ΙΙ

361 3518 429 3567 20
466 3516 706 3577 altitudo
733 3541 786 3580 x.
821 3528 830 3595 Ι
862 3525 1031 3579 fuerit
1051 3542 1106 3580 ω.
1134 3526 1153 3594 ΙΙ
1183 3530 1250 3578 26
1289 3526 1478 3579 autem
1511 3523 1587 3580 G:
1624 3540 1725 3579 om.
1757 3523 1883 3579 HS.
1913 3525 1933 3593 ΙΙ
1959 3529 2027 3577 26
2063 3522 2283 3578 hisdem
2310 3541 2365 3578 x.
