2664 3927
275 1644 305 1690 6

344 146 429 209 70
1187 145 1517 199 VITRUVII

339 299 564 356 tionem
608 295 888 373 gradibus
935 296 1276 370 ascendunt,
1320 314 1441 354 non
1484 299 1733 371 possunt
1768 315 1874 372 per
1908 295 2367 355 intercolumnia

341 386 648 461 amplexae
694 385 856 444 adire
901 385 1017 444 nisi
1064 385 1296 444 ordines
1342 385 1607 460 fecerint,
1652 386 1798 444 item
1837 385 2149 444 valvarum
2195 403 2391 465 aspeg

341 478 470 534 ctus
516 473 883 533 abstruditur
928 474 1331 533 columnarum
1390 472 1705 534 crebritate
1750 475 1999 552 ipsaque
2045 475 2217 552 signa
2264 474 2367 534 ob-

343 567 669 638 scurantur,
715 565 861 622 item
906 564 1062 622 circa
1100 562 1305 621 aedem
1341 567 1586 638 propter
1622 555 1948 645 angulstias
1975 563 2368 639 inpediuntur
2387 574 2479 626 (1⁰)

344 652 792 711 ambulationes.
884 651 1129 727 diastyli
1184 654 1385 710 autem
1437 652 1583 710 haec
1638 653 1753 710 erit
1798 653 2174 728 compositiO,
2230 672 2369 711 cum
2398 672 2424 712 5

341 743 524 800 trium
560 740 966 798 columnarum
1011 740 1460 800 crassitudinem
1500 741 1951 800 intercolumnio
1989 741 2367 816 interponere

341 847 681 906 possumuS,
730 833 1039 904 tamquam
1085 832 1176 887 est
1219 828 1520 904 Apollinis
1567 833 1627 888 et
1669 829 1901 889 Dianae
1948 829 2127 889 aedis.
2217 830 2368 890 haec

343 919 652 994 dispositio
697 918 851 976 hanc
902 917 1090 976 habet·
1127 917 1542 976 difficultatem
1590 919 1749 994 quod
1796 919 2078 996 epistylia
2121 922 2370 994 propter

342 1007 794 1066 intervallorum
855 1007 1325 1083 magnitudinem
1396 1008 1767 1084 franguntur.
1824 1002 1832 1086 Ι
1884 1009 1949 1066 in
2012 1008 2366 1083 araeostylis
2388 1016 2478 1068 (1⁵)

343 1100 544 1155 autem
588 1115 694 1154 nec
738 1095 989 1171 lapideis
1034 1115 1141 1154 nec
1181 1097 1526 1155 marmoreis
1564 1097 1858 1172 epistyliis
1894 1097 1986 1155 uti
2022 1084 2217 1168 datur,
2262 1097 2367 1155 sed
2396 1117 2452 1155 10

343 1185 713 1260 inponendae
742 1184 814 1242 de
840 1185 1092 1243 materia
1119 1184 1318 1244 trabes
1347 1187 1684 1261 perpetuae.
1750 1189 1811 1244 et
1836 1187 2101 1261 ipsarum
2129 1186 2368 1244 aedium

343 1275 565 1349 species
603 1277 741 1333 sunt
775 1272 1204 1349 barycephalae
1240 1274 1493 1334 humiles
1529 1273 1707 1350 latae,
1746 1277 2148 1349 ornanturque
2180 1275 2366 1352 signis

342 1363 620 1423 fictilibus
650 1366 756 1422 aut
783 1363 970 1422 aereis
1006 1364 1296 1421 inauratis
1327 1382 1529 1422 earum
1564 1364 1811 1442 fastigia
1845 1363 2147 1422 tuscanico
2184 1382 2369 1438 more,

343 1453 435 1510 uti
489 1456 580 1511 est
633 1452 710 1510 ad
768 1450 1000 1510 Circum
1053 1451 1379 1530 Maximum
1435 1451 1659 1512 Cereris
1716 1456 1775 1511 et
1816 1448 1824 1532 Ι
1864 1452 2138 1511 Herculis
2191 1451 2365 1510 Pom·
2387 1461 2475 1514 (20)

341 1542 560 1618 peiani,
604 1543 750 1600 item
798 1538 1097 1615 Capitolii.
1774 1580 1777 1584 -
2397 1560 2449 1600 15

475 1629 796 1689 Reddenda
841 1647 995 1687 nunc
1043 1631 1132 1688 est
1177 1629 1395 1704 eustyli
1440 1631 1613 1705 ratiO,
1661 1648 1812 1704 quae
1857 1629 2113 1687 maxime
2152 1629 2367 1706 proba-

342 1719 480 1778 bilis
528 1722 588 1778 et
632 1719 708 1777 ad
754 1736 926 1776 usum
973 1722 1033 1776 et
1077 1717 1154 1776 ad
1199 1718 1455 1793 speciem
1500 1721 1561 1776 et
1606 1717 1682 1776 ad
1723 1717 2069 1777 firmitatem
2102 1718 2365 1778 rationes

341 1807 522 1866 habet
550 1807 891 1884 explicatas.
954 1826 1210 1883 namque
1242 1807 1517 1866 facienda
1552 1809 1689 1866 sunt
1717 1807 1781 1865 in
1808 1807 2140 1866 intervallis
2169 1808 2367 1882 spatia

344 1896 595 1954 duarum
639 1896 1048 1954 columnarum
1094 1899 1156 1955 et
1200 1898 1449 1973 quartae
1498 1895 1689 1974 partis
1736 1897 2042 1955 columnae
2089 1897 2365 1955 crassitu-

345 1985 498 2044 dinis
511 2031 525 2060 ,
567 1980 575 2063 Ι
615 1985 992 2061 mediumque
1063 1986 1581 2045 intercolumnium
1643 2006 1828 2044 unum
1891 1986 2049 2061 quod
2115 1986 2227 2044 erit
2298 1987 2523 2049 in2⁰(25)

343 2075 556 2149 fronte,
602 2076 857 2134 alterum
894 2075 1052 2149 quod
1097 2076 1164 2133 in
1203 2076 1451 2151 posticO‚
1497 2075 1681 2133 trium
1717 2075 2123 2134 columnarum
2160 2076 2367 2134 crassi-

344 2163 564 2221 tudine.
639 2164 722 2223 sic
761 2165 918 2222 enim
952 2162 1194 2222 habebit
1226 2167 1286 2222 et
1319 2163 1693 2241 figurationis
1723 2167 2027 2240 aspectum
2052 2166 2367 2223 venustum

347 2254 406 2310 et
460 2252 654 2311 aditus
697 2249 704 2331 Ι
746 2272 918 2311 usum
971 2253 1097 2312 sine
1151 2252 1613 2328 inpeditionibus
1670 2256 1730 2311 et
1784 2254 1941 2312 circa
1986 2253 2197 2312 cellam
2242 2271 2365 2311 am-
2400 2261 2471 2316 72

345 2340 574 2400 bulatio
631 2343 1063 2402 auctoritatem.
1152 2342 1328 2401 huius
1386 2345 1584 2401 autem
1637 2343 1723 2400 rei
1776 2342 1931 2400 ratio
1979 2340 2367 2417 explicabitur

346 2430 446 2489 sic.
537 2432 700 2491 frons
756 2432 871 2489 loci
929 2449 1080 2505 quae
1133 2432 1199 2489 in
1253 2430 1397 2489 aede
1452 2431 1777 2490 constituta
1822 2431 2029 2505 fuerit,
2086 2430 2138 2489 si
2182 2433 2363 2489 tetra·
2394 2450 2443 2490 25

347 2520 535 2595 stylos
598 2520 870 2579 facienda
932 2520 1140 2595 fuerit,
1205 2519 1509 2579 dividatur
1570 2521 1635 2578 in
1696 2522 1897 2595 partes
1942 2538 2009 2577 XI
2055 2536 2086 2577 s
2132 2522 2368 2595 praeter

347 2609 673 2684 crepidines
722 2611 781 2669 et
833 2610 1196 2685 proiecturas
1239 2604 1247 2686 Ι
1289 2609 1611 2685 spirarum,
1665 2609 1716 2667 si
1762 2627 1862 2668 sex
1908 2609 2023 2667 erit
2068 2609 2365 2666 columna·
2384 2618 2441 2670 (5)

345 2717 495 2773 rum,
539 2699 603 2756 in
646 2701 846 2774 partes
891 2716 1061 2757 XVIII.
1143 2698 1195 2756 si
1242 2698 1565 2773 octastylos
1613 2698 2021 2773 constituetur,
2067 2696 2368 2756 dividatur

345 2787 410 2846 in
454 2806 602 2847 XXIV
640 2792 699 2847 et
744 2788 1058 2847 semissem.
1137 2787 1283 2845 item
1330 2806 1400 2846 eX
1444 2786 1536 2846 his
1582 2786 1851 2862 partibus
1898 2787 2022 2845 sive
2068 2786 2368 2861 tetrastyli

489 2944 520 2991 2
561 2938 859 3008 abspectus
889 2939 966 2993 H.
1021 2941 1041 3008 ΙΙ
1098 2944 1163 2991 12
1201 2937 1635 3006 barycephalae:
1686 2938 1894 3005 baryce
1932 2936 2254 3007 parycefale
2284 2936 2363 3005 H,

347 3008 538 3081 barice
591 3025 796 3079 paryce
853 3009 1064 3081 (parics
1103 3008 1170 3079 S)
1225 3008 1340 3062 fale
1382 3008 1497 3063 GS.
1560 3010 1580 3077 ΙΙ
1644 3014 1711 3061 14
1760 3010 1879 3081 ce(e
1916 3007 2199 3076 Βᾶθι-θὴς
2240 3008 2365 3064 GS:

349 3079 574 3134 ca&eris
604 3080 679 3134 H.
718 3082 737 3149 ΙΙ
774 3085 838 3134 15
879 3080 1116 3150 capituli
1145 3080 1260 3134 HS
1291 3078 1466 3149 (·tuh¹
1501 3079 1580 3147 8⁶,
1616 3078 1767 3133 -tolii
1798 3078 1887 3149 G).
1928 3081 1948 3148 ΙΙ
1991 3085 2057 3132 16
2096 3078 2286 3133 eustili
2317 3079 2369 3135 G·

349 3152 434 3219 (in
467 3169 536 3206 m.
564 3150 658 3205 vel
694 3167 754 3204 es
785 3152 904 3221 Ge).
941 3150 1110 3221 estyli
1139 3150 1255 3207 HS
1285 3153 1371 3221 (in
1396 3168 1464 3205 m.
1493 3150 1586 3204 vel
1622 3148 1829 3219 eustyli
1860 3150 1959 3215 δι’).
1988 3152 2008 3219 ΙΙ
2039 3156 2104 3205 18
2141 3150 2201 3204 in
2230 3150 2365 3206 HS:

347 3237 446 3275 om.
489 3222 558 3277 G.
613 3224 632 3290 ΙΙ
686 3227 752 3275 25
793 3222 841 3275 si
879 3254 948 3262 —-
984 3223 1096 3292 (26)
1133 3221 1306 3276 fuerit
1332 3221 1467 3278 HS:
1524 3238 1624 3275 om.
1659 3221 1712 3276 G
1755 3223 1839 3291 (in
1882 3238 1951 3275 m.
1990 3222 2169 3291 suppl.
2204 3222 2312 3290 GC).
2355 3221 2364 3293 Ι

347 3290 661 3361 &trastylos
701 3293 764 3346 Η
808 3294 1104 3363 (erastylos
1143 3292 1208 3361 S,
1261 3292 1535 3361 etrasylos
1578 3291 1687 3362 ΘΟ).
1744 3294 1762 3362 ΙΙ
1816 3298 1883 3345 26
1920 3311 1979 3345 XI
2025 3310 2077 3347 s:
2134 3292 2366 3346 decusas

350 3362 516 3415 semis
552 3382 608 3418 x.
663 3367 682 3433 ΙΙ
739 3370 804 3418 27
841 3368 1190 3434 protecturas
1228 3364 1297 3418 H
1300 3364 1347 3418 S
1387 3362 1749 3433 (proiecturas
1786 3363 1869 3417 Hc
1882 3362 1970 3433 G).
2022 3364 2031 3434 Ι
2080 3362 2368 3432 spinarum

351 3430 496 3495 (wnte
530 3438 662 3501 raa)
700 3436 752 3491 S.
808 3438 827 3506 ΙΙ
882 3441 947 3489 28
993 3453 1151 3489 xvm:
1200 3434 1381 3503 dece(i
1409 3435 1571 3503 H⁶)m
1616 3434 1681 3503 (ἃ,
1718 3436 1846 3490 add.
1880 3435 1973 3505 6⁰)
2020 3450 2222 3489 novem
2256 3452 2311 3489 x.
2348 3434 2368 3507 ΙΙ

351 3505 418 3551 29
455 3501 661 3571 viginti
697 3506 943 3573 quinque
970 3506 1036 3559 H
1041 3505 1098 3573 S,
1133 3524 1242 3559 xxv
1271 3506 1338 3560 G.
