2664 3927
719 191 815 245 DE
853 191 1417 246 ARCHITECTURA
1451 191 1584 246 LIB.
1622 191 1717 260 VI,
1757 197 1803 247 6.
1846 197 1875 245 7
2179 191 2303 256 147

287 343 365 401 ad
400 342 584 402 solem
619 343 908 419 pabulum
945 343 1244 419 capientes
1280 341 1435 400 fiunt
1468 342 1793 401 nitidiores.
1861 343 2072 400 horrea
2098 343 2307 402 senilia

197 442 258 495 (5)
285 432 540 490 farraria
593 433 848 508 pista-ina
905 435 1071 490 extra
1123 431 1332 490 villam
1390 431 1661 490 facienda
1716 431 2018 507 videntur,
2070 435 2141 490 ut
2180 428 2188 511 Ι
2229 432 2306 489 ab

281 520 439 598 ignis
493 521 756 597 periculo
814 521 936 580 sint
978 521 1158 580 villae
1213 519 1477 579 tutiores.
1572 522 1623 580 si
1680 520 1822 595 quid
1876 520 2187 579 delicatius
2240 521 2305 579 in

281 609 442 668 villis
505 610 850 669 faciundum
912 610 1118 684 fuerit,
1184 627 1252 667 ex
1307 609 1667 685 symmetriis
1724 627 1876 685 quae
1938 609 2003 668 in
2061 610 2303 668 urbanis

196 719 220 758 5
275 717 456 774 supra
511 699 767 774 scriptae
823 701 962 756 sunt
1015 698 1340 757 constituta
1393 699 1483 756 ita
1538 701 1847 756 struantur
1890 698 1982 756 uti
2040 698 2165 756 sine
2211 699 2301 755 in—

273 787 577 862 peditione
612 787 870 846 rusticae
896 786 1180 844 utilitatis
1209 786 1609 846 aedificentur.
1684 786 2001 862 omniaque
2030 785 2299 846 aedificia
2340 801 2371 848 6

273 879 343 934 ut
387 876 685 936 luminosa
732 875 853 934 sint
899 878 1133 951 oportet
1179 875 1400 951 curari,
1447 876 1551 934 sed
1598 894 1749 951 quae
1800 880 1940 936 sunt
1986 876 2063 934 ad
2106 875 2303 951 villaS,

165 977 252 1028 (¹0)
271 965 544 1025 faciliora
585 959 593 1043 Ι
632 963 910 1023 videntur
966 982 1092 1023 esse
1155 961 1288 1021 ideo
1356 964 1513 1039 quod
1575 964 1773 1040 paries
1837 965 2064 1023 nullius
2119 964 2301 1024 vicini

272 1056 473 1129 potest
525 1052 788 1126 obstare,
840 1053 904 1110 in
958 1052 1102 1111 urbe
1158 1055 1361 1110 autem
1407 1056 1513 1111 aut
1559 1052 1963 1111 communium
2005 1054 2304 1129 parietum

190 1163 246 1202 10
274 1141 624 1201 altitudines
669 1145 776 1200 aut
821 1141 1131 1218 angustiae
1175 1141 1294 1201 loci
1350 1139 1711 1216 inpediundo
1761 1141 1994 1200 faciunt
2044 1142 2301 1202 obscuri-

270 1234 444 1290 tates,
541 1230 749 1306 itaque
814 1229 884 1288 de
950 1249 1020 1289 ea
1071 1250 1136 1288 re
1197 1230 1280 1288 sic
1338 1229 1451 1288 erit
1506 1230 1947 1305 experiundum.
2052 1251 2122 1289 ex
2179 1251 2299 1308 qua

270 1322 442 1395 parte
486 1320 690 1378 lumen
737 1322 1012 1395 oporteat
1056 1338 1288 1378 sumere
1335 1318 1495 1377 linea
1538 1317 1821 1377 tendatur
1858 1318 1933 1377 ab
1974 1319 2291 1378 altitudine

157 1420 251 1471 (15)
269 1408 515 1484 parietis
561 1408 666 1484 qui
701 1408 938 1467 videtur
982 1407 1216 1467 obstare
1265 1408 1342 1466 ad
1381 1401 1391 1486 Ι
1433 1427 1572 1466 eum
1615 1408 1812 1466 locum
1857 1426 1977 1483 quo
2018 1411 2297 1483 oporteat

269 1497 588 1572 inmittere,
635 1501 695 1556 et
740 1497 792 1556 si
837 1496 912 1556 ab
959 1516 1030 1556 ea
1073 1497 1234 1555 linea
1278 1497 1344 1554 in
1382 1495 1763 1555 altitudinem
1801 1515 1939 1555 cum
1972 1496 2300 1572 prospicia—

186 1606 242 1646 15
270 1590 369 1645 tur
412 1585 636 1662 poterit
681 1586 942 1662 spatium
985 1585 1122 1662 puri
1168 1585 1317 1644 caeli
1367 1585 1634 1661 amplum
1678 1585 1895 1661 videri,
1940 1585 2005 1642 in
2052 1604 2119 1644 eo
2165 1587 2296 1645 loco

268 1674 469 1733 lumen
532 1675 646 1734 erit
708 1675 833 1734 sine
891 1674 1275 1750 inpeditione.
1378 1673 1469 1732 sin
1525 1677 1726 1733 autem
1783 1673 2045 1733 officient
2099 1674 2295 1734 trabes
2334 1689 2365 1736 7

269 1783 372 1822 seu
425 1764 635 1822 limina
691 1767 798 1823 aut
851 1763 1353 1840 contignationes,
1420 1763 1491 1822 de
1552 1763 1961 1838 superioribus
2023 1763 2295 1838 partibus

155 1862 248 1916 (20)
270 1852 578 1927 aperiatur
639 1855 700 1910 et
762 1853 852 1911 ita
913 1852 1270 1911 inmittatur.
1383 1855 1444 1910 et
1506 1852 1582 1909 ad
1646 1871 1942 1911 summam
2004 1853 2094 1911 ita
2143 1847 2152 1931 Ι
2203 1856 2297 1912 est

268 1940 716 2018 gubernandum
766 1944 837 2000 ut
891 1961 961 2000 ex
1015 1941 1487 2017 quibuscumque
1540 1941 1811 2017 partibus
1870 1941 2103 2000 caelum
2155 1962 2291 2018 pro—

182 2051 240 2089 20
269 2029 418 2105 spici
469 2030 717 2105 poterit,
769 2050 877 2106 per
932 2049 1030 2089 eas
1084 2031 1481 2090 fenestrarum
1534 2031 1667 2090 loca
1722 2032 2151 2107 relinquantur,
2208 2032 2295 2091 sic

268 2119 426 2177 enim
460 2118 658 2177 lucida
697 2121 872 2177 erunt
899 2119 1185 2178 aedificia.
1251 2138 1385 2178 cum
1414 2122 1619 2178 autem
1644 2120 1707 2178 in
1743 2119 2021 2179 tricliniis
2052 2121 2287 2179 ceteris-

267 2227 384 2283 que
439 2208 814 2267 conclavibus
869 2209 1163 2268 maximus
1219 2211 1310 2267 est
1362 2226 1509 2267 usus
1552 2208 1874 2284 luminum,
1929 2213 2059 2268 tum
2106 2210 2289 2268 etiam

263 2297 328 2355 in
389 2296 702 2356 itineribus
767 2296 936 2356 clivis
992 2298 1192 2373 scalis,
1259 2297 1418 2381 quod
1469 2296 1537 2355 in
1587 2296 1639 2355 is
1696 2298 1931 2372 saepius
1986 2298 2092 2356 alii
2152 2298 2287 2357 aliis

144 2397 244 2449 (2⁵)
265 2384 503 2445 obviam
549 2376 871 2467 velnientes
916 2387 1172 2445 ferentes
1220 2385 1483 2445 sarcinas
1530 2387 1724 2445 solent
1767 2386 2081 2447 incurrere,

174 2494 234 2537 25
397 2472 605 2543 Quoad
649 2476 819 2550 potui
865 2472 1310 2535 distributiones
1350 2494 1594 2550 operum
1628 2475 2005 2550 nostratium,
2049 2478 2119 2533 ut
2163 2476 2285 2535 sint

265 2562 742 2623 aedificatoribus
787 2582 907 2623 non
953 2563 1257 2639 obscurae,
1305 2563 1577 2639 explicui.
1661 2582 1820 2622 nunc
1867 2564 2049 2623 etiam
2096 2584 2295 2641 quem-

265 2652 586 2711 admodum
634 2651 1000 2712 Graecorum
1049 2652 1574 2713 consuetudinibus
1621 2652 1891 2711 aedificia
1937 2652 2293 2713 distribuan-

261 2745 378 2817 tur,
423 2742 515 2800 uti
559 2760 680 2800 non
727 2742 849 2800 sint
898 2742 1124 2819 ignota,
1172 2741 1516 2801 summatim
1561 2760 1868 2817 exponam.

113 2841 251 2899 149
409 2821 416 2912 Ι
447 2828 636 2889 Atriis
678 2829 889 2890 Graeci
927 2831 1072 2906 quia
1113 2851 1233 2891 non
1269 2834 1540 2905 utuntur,
1585 2848 1775 2905 neque
1814 2830 2146 2905 aedificant,
2192 2831 2295 2890 sed
2316 2838 2421 2894 VII

179 2942 242 2981 :30
271 2918 346 2977 ab
400 2919 583 2978 ianua
638 2919 1078 2979 introeuntibus
1133 2920 1350 2979 itinera
1404 2919 1637 2978 faciunt
1698 2918 2115 2979 latitudinibus
2176 2939 2297 2979 non

271 3008 574 3083 spatiosis,
623 3012 684 3067 et
721 3028 790 3067 ex
827 3028 946 3067 una
981 3012 1154 3085 parte
1193 3008 1433 3085 equilia,
1472 3027 1541 3067 ex
1578 3009 1768 3067 altera
1805 3008 2062 3068 ostiariis
2100 3009 2297 3085 cellaS,

421 3236 454 3284 5
483 3229 695 3301 scripta
721 3250 776 3287 oc.
811 3234 820 3303 Ι
852 3230 937 3286 uti
957 3231 1091 3288 HS:
1120 3233 1186 3285 ut
1211 3232 1276 3287 G.
1306 3234 1326 3301 ΙΙ
1356 3236 1421 3283 13
1450 3247 1561 3299 quo
1584 3230 1662 3287 G:
1690 3231 1789 3300 qui
1806 3230 1931 3287 HS.
1962 3233 1982 3300 ΙΙ
2012 3236 2075 3283 15
2104 3228 2295 3285 videre

279 3300 332 3356 S.
362 3304 381 3373 ΙΙ
411 3308 476 3356 16
515 3302 765 3357 officient
799 3320 840 3358 ω
876 3305 988 3372 (sed
1025 3319 1055 3357 e
1091 3305 1155 3357 in
1187 3319 1296 3357 ras,
1327 3302 1410 3372 S).
1440 3304 1459 3373 ΙΙ
1490 3308 1555 3356 17
1592 3302 1808 3357 lumina
1843 3319 1896 3358 x.
1926 3303 1946 3372 ΙΙ
1973 3308 2041 3354 20
2079 3316 2148 3355 ea
2182 3318 2239 3355 x.
2274 3301 2296 3375 ΙΙ

275 3377 341 3425 23
379 3372 440 3427 in
473 3374 548 3429 G:
587 3391 688 3429 om.
718 3373 846 3429 HS.
881 3376 889 3446 Ι
923 3372 1083 3429 clivis
1110 3375 1180 3429 H
1189 3374 1284 3429 G'·⁶:
1323 3372 1503 3427 clauis
1534 3374 1606 3443 G,
1644 3372 1842 3428 diuisis
1871 3373 1923 3429 S.
1958 3376 1966 3441 Ι
1997 3371 2087 3425 his
2114 3388 2155 3427 x
2181 3374 2293 3441 (sed

259 3444 488 3605 325>st
521 3478 623 3533 affi
661 3478 791 3534 aliis
824 3480 950 3537 cs:
989 3480 1154 3554 amus
1193 3478 1324 3535 aliis
1365 3479 1441 3535 H.
1490 3481 1509 3549 ss
1554 3486 1618 3534 31
1660 3482 1782 3553 ae(9
1815 3476 2143 3548 GS)qualia.
2177 3496 2231 3534 x.
2278 3478 2286 3550 Ι

261 3566 322 3603 ΟΒ
383 3566 518 3603 arus
555 3568 612 3607 x.

1864 3639 1971 3692 10*
