2664 3927
762 190 859 243 DE
898 188 1461 244 ARCHITECTURA
1500 190 1633 246 LIB.
1671 190 1763 259 IV,
1803 197 1834 244 7
1874 261 1879 266 ·
2228 191 2311 254 97

203 336 268 407 (ὲ)
423 341 579 411 Quas
625 343 884 399 rationes
931 340 1166 398 aedium
1212 359 1513 400 sacrarum
1548 340 1611 399 in
1651 341 2105 400 formationibus
2144 361 2315 417 opor-

286 434 414 490 teat
465 431 594 489 fieri
648 425 947 508 (doricis)
1001 430 1209 488 ionicis
1269 431 1691 506 corinthiisque
1754 430 2053 506 operibuS,
2120 430 2317 506 quoad

282 522 458 596 potui
517 521 838 596 attingere,
895 518 1086 577 veluti
1139 519 1423 595 legitimis
1477 519 1739 578 moribus
1796 520 2055 595 exposui.
2157 537 2317 576 nunc

288 610 360 668 de
405 610 722 667 tuscanicis
777 607 1262 682 dispositionibus
1319 608 1815 683 quemadmodum
1858 607 2095 666 institui
2141 627 2311 683 opor-

235 721 262 761 5
287 701 416 756 teat
461 699 668 755 dicam.
760 697 942 770 locus,
996 697 1060 752 in
1106 716 1222 772 quo
1269 697 1432 756 aedis
1480 699 1885 772 constituetur,
1934 715 2065 756 cum
2109 697 2294 755 habu·
2315 699 2425 752 VII

181 788 431 852 (1o)erit.
460 789 523 844 in
578 785 948 861 longitudine
1001 779 1008 863 Ι
1059 803 1161 842 sex
1213 787 1441 860 partes,
1504 805 1623 844 una
1688 787 1967 862 adempta
2019 787 2317 861 reliquum

291 875 450 951 quod
495 875 610 933 erit
654 873 961 932 latitudini
1006 873 1193 932 detur.
1284 874 1595 950 longitudo
1643 877 1840 934 autem
1885 875 2187 934 dividatur
2228 875 2315 933 bi-

288 966 508 1040 pertito
555 966 617 1022 et
661 982 812 1038 quae
857 981 996 1037 pars
1052 963 1165 1020 erit
1209 964 1481 1038 interior,
1539 964 1822 1022 cellarum
1867 965 2076 1038 spatiis
2124 964 2315 1040 desig-

288 1055 489 1125 netur,
546 1071 696 1127 quae
743 1053 857 1109 erit
899 1053 1168 1125 proxima
1221 1052 1433 1126 fronti,
1489 1053 1895 1111 columnarum
1939 1053 2318 1128 dispositioni

209 1166 263 1205 10
287 1142 676 1216 relinquatur.
767 1141 912 1198 item
957 1140 1214 1199 latitudo
1261 1139 1561 1199 dividatur
1604 1142 1668 1198 in
1711 1145 1912 1216 partes
1959 1161 2015 1199 x.
2110 1162 2179 1200 ex
2223 1133 2316 1201 his
2356 1154 2387 1200 2

181 1244 270 1294 (15)
288 1233 493 1288 ternae
539 1232 738 1304 partes
785 1229 992 1286 dextra
1037 1247 1108 1286 ac
1153 1230 1395 1288 sinistra
1442 1229 1604 1287 cellis
1646 1225 1655 1306 Ι
1694 1229 2019 1288 minoribus
2066 1232 2187 1289 sive
2234 1231 2319 1288 ibi

291 1319 420 1376 alae
465 1319 699 1377 futurae
755 1320 895 1377 sunt
949 1318 1188 1392 dentur,
1241 1319 1508 1393 reliquae
1567 1320 1849 1394 quattuor
1900 1319 2128 1376 mediae
2185 1320 2319 1377 aedi

294 1407 710 1465 attribuantur.
813 1408 1074 1482 spatium
1133 1407 1292 1483 quod
1352 1408 1466 1464 erit
1529 1409 1666 1465 ante
1724 1407 1901 1465 cellas
1956 1409 2021 1464 in
2073 1426 2317 1482 pronao,

291 1498 378 1555 ita
425 1495 710 1555 columnis
758 1496 1101 1572 designetur
1144 1500 1212 1554 ut
1259 1496 1575 1572 angulares
1623 1499 1827 1555 contra
1875 1498 2072 1570 antas,
2124 1497 2316 1570 parie-

211 1608 262 1648 15
289 1589 420 1644 tum
465 1588 859 1644 extremorum
915 1605 946 1643 e
998 1585 1267 1661 regione,
1334 1586 1734 1659 conlocentur,
1795 1585 1947 1642 duae
2000 1586 2229 1642 mediae
2286 1605 2317 1643 e

183 1688 272 1739 (20)
288 1676 528 1751 regione
572 1675 870 1750 parietum
916 1675 1020 1748 qui
1065 1674 1219 1732 inter
1265 1676 1437 1732 antas
1492 1676 1552 1732 et
1595 1674 1854 1732 mediam
1900 1673 2104 1732 aedem
2146 1669 2152 1752 Ι
2192 1674 2317 1732 fue-

289 1765 429 1838 rint,
475 1765 564 1820 ita
611 1763 1059 1836 distribuantur,
1114 1765 1174 1820 et
1217 1764 1374 1821 inter
1420 1765 1590 1821 antas
1638 1765 1698 1820 et
1744 1762 2045 1822 columnas
2090 1763 2315 1837 priores

291 1871 398 1926 per
442 1851 702 1909 medium
745 1852 934 1910 isdem
978 1852 1318 1926 regionibus
1358 1851 1577 1910 alterae
1615 1852 2021 1926 disponantur.
2097 1871 2316 1927 eaeque

293 1941 414 1999 sint
455 1939 577 1998 ima
623 1939 1010 1999 crassitudine
1067 1940 1402 2000 altitudinis
1445 1943 1616 2017 parte
1662 1959 1775 2016 vn,
1831 1941 2084 2000 altitudo
2138 1942 2318 1999 tertia

209 2053 265 2092 20
291 2032 462 2104 parte
508 2029 843 2087 latitudinis
890 2029 1117 2103 templi,
1171 2048 1517 2105 summaque
1570 2032 1842 2090 columna
1890 2033 2101 2106 quarta
2145 2032 2315 2105 parte

292 2118 697 2176 crassitudinis
743 2120 898 2175 imae
936 2119 1332 2177 contrahatur.
1408 2122 1601 2194 spirae
1640 2140 1841 2178 earum
1877 2120 2035 2177 altae
2073 2120 2317 2178 dimidia
2356 2132 2387 2179 3

184 2198 306 2289 (25)Ι
347 2210 519 2281 parte
565 2206 972 2265 crassitudinis
1017 2206 1181 2265 fiant.
1254 2207 1514 2266 habeant
1550 2209 1743 2283 spirae
1782 2228 1984 2266 earum
2018 2209 2318 2282 plinthum

293 2296 370 2354 ad
416 2296 698 2353 circinum
743 2296 930 2353 altam
975 2314 1114 2354 suae
1162 2297 1571 2355 crassitudinis
1610 2296 1854 2355 dimidia
1888 2299 2077 2372 parte,
2118 2300 2319 2357 torum

142 2390 264 2445 100
292 2375 553 2466 inlsuper
601 2403 733 2442 cum
787 2386 1074 2460 apophysi
1134 2403 1396 2444 crassum
1452 2388 1741 2461 quantum
1785 2385 2068 2460 plinthus.
2152 2388 2316 2462 capi-

209 2498 264 2539 25
291 2475 407 2531 tuli
455 2473 708 2531 altitudo
755 2472 1002 2531 dimidia
1049 2470 1473 2533 crassitudinis.
1566 2474 1734 2533 abaci
1787 2475 2042 2533 latitudo
2090 2479 2318 2550 quanta

139 2556 146 2565 ’
289 2564 412 2621 ima
459 2562 786 2621 crassitudo
833 2562 1157 2621 columnae.
1231 2564 1599 2639 capitulique
1645 2563 1975 2622 crassitudo
2015 2564 2319 2622 dividatur

289 2652 354 2709 in
380 2655 582 2727 partes
619 2654 757 2727 tres,
797 2671 826 2708 e
867 2650 1080 2726 quibus
1116 2670 1236 2709 una
1270 2652 1525 2727 plintho,
1562 2670 1713 2726 quae
1752 2656 1842 2711 est
1879 2652 2079 2727 aba00,
2126 2654 2318 2726 detur,

289 2886 329 2933 J,
359 2877 472 2957 577
508 2876 577 2939 cf.
618 2874 748 2929 Keil
794 2876 868 2928 ad
908 2874 1024 2929 Cat.
1064 2892 1123 2943 p.
1153 2876 1270 2943 21):
1317 2874 1658 2928 caelostrata
1694 2874 1783 2942 H,
1830 2874 1948 2947 celo
1998 2876 2177 2929 strata
2218 2876 2321 2932 GS

287 2948 466 3069 (eom-2
495 2946 701 3069 geticis
730 3033 829 3070 om.
860 3034 914 3070 x.
945 3018 962 3085 ΙΙ
991 3020 1021 3069 6
1053 3016 1319 3085 adempta
1339 3016 1473 3071 HS:
1505 3015 1735 3085 dempta
1757 3017 1823 3073 G.
1853 3019 1871 3087 ΙΙ
1900 3022 1931 3070 9
1962 3016 2318 3086 dispositioni

291 3088 368 3141 G:
399 3104 493 3141 -ne
523 3087 649 3142 HS.
680 3089 698 3157 ΙΙ
729 3093 793 3140 12
830 3087 980 3142 alae:
1016 3086 1162 3141 aliae
1191 3090 1266 3159 (·e
1299 3088 1499 3153 (ἕδη.
1530 3088 1547 3156 ΙΙ
1578 3093 1643 3140 15
1674 3104 1704 3141 e
1734 3090 1881 3157 (post
1909 3090 2068 3158 extr.)
2096 3106 2194 3144 om.
2224 3107 2278 3142 α’.
2298 3089 2319 3161 ΙΙ

300 3162 367 3211 16
407 3160 570 3211 antas
604 3160 612 3221 1
649 3160 722 3214 G:
764 3160 900 3211 anta
929 3160 996 3213 H
1028 3160 1144 3227 (ubi
1180 3160 1317 3211 anta
1349 3166 1355 3222 Ι
1390 3158 1435 3211 8z
1461 3158 1629 3226 med.)
1658 3166 1708 3213 et
1734 3160 1787 3215 S.
1817 3162 1835 3229 ΙΙ
1864 3165 1929 3212 18
1968 3159 2187 3212 hisdem
2214 3177 2267 3213 x.
2306 3160 2312 3232 Ι

289 3229 474 3283 altera
513 3233 632 3301 ae(e
675 3228 892 3300 GS)dis
931 3232 1175 3299 ponatur
1213 3245 1417 3297 aeques
1454 3228 1655 3283 intima
1692 3232 1808 3300 (ubi
1845 3242 2021 3303 aeque
2060 3229 2175 3283 sint
2201 3230 2317 3284 ima

297 3335 366 3401 G,
405 3352 494 3405 eq,
531 3334 644 3388 sint
680 3334 796 3389 ima
833 3336 966 3402 S)x.
997 3341 1014 3401 ΙΙ
1044 3342 1109 3389 19
1147 3355 1238 3389 vn.
1277 3354 1318 3389 ω
1354 3336 1441 3404 (=
1472 3312 1566 3389 ξιιῗ.
1601 3337 1708 3406 GC).
1744 3340 1751 3401 Ι
1784 3336 1955 3389 tertia
1984 3379 1994 3389 .
2029 3379 2042 3389 .
2072 3379 2083 3390 .
2114 3338 2315 3403 quarta

295 3405 446 3461 HG:
488 3425 606 3461 .111.
642 3451 651 3460 .
687 3449 697 3459 .
727 3425 828 3461 1111.
867 3407 920 3461 S.
967 3409 986 3476 ΙΙ
1032 3414 1096 3460 21
1137 3406 1253 3459 ima
1291 3424 1345 3460 x.
1388 3410 1397 3473 Ι
1438 3405 1616 3462 altae:
1656 3407 1771 3460 alia
1806 3426 1861 3461 τε.
1910 3409 1927 3475 ΙΙ
1974 3411 2043 3459 24
2080 3408 2317 3475 apopysi

295 3475 430 3540 HS,
481 3476 702 3547 apopisi
742 3478 808 3531 G.
860 3482 866 3542 Ι
918 3478 1155 3547 capituli
1185 3509 1248 3517 —
1281 3478 1373 3548 [(v.
1404 3479 1493 3547 26)
1530 3477 1876 3546 capitulique
1914 3495 2013 3531 om.
2052 3478 2095 3532 S
2126 3480 2209 3548 (in
2244 3497 2314 3533 m.

290 3547 472 3615 suppl.
514 3554 612 3616 Μ).
643 3550 662 3617 ΙΙ
689 3554 755 3600 27
794 3550 906 3602 tres
947 3550 1081 3603 HS:
1119 3569 1196 3602 ιιι.
1239 3549 1305 3605 G.
1340 3556 1349 3618 Ι
1383 3550 1584 3604 abaco:
1624 3549 1861 3602 inabaco
1898 3566 1953 3603 ω.

403 3644 606 3684 ‘Vn-nov.
636 3646 692 3685 de
721 3646 957 3687 architect.
991 3648 1060 3688 ed.
1093 3649 1250 3689 Rose.
1966 3643 1995 3689 7
