2664 3927
809 183 906 238 DE
943 183 1502 240 ARCHITECTURA
1537 183 1671 240 LIB.
1711 184 1803 253 VI,
1842 187 1874 237 8
2225 183 2351 248 153

333 336 547 412 quibus
601 335 932 395 rationibus
986 335 1133 394 haec
1185 335 1492 411 potuerint
1546 353 1671 393 esse
1725 334 1897 392 firma
1953 337 2014 392 et
2070 335 2352 410 quemad-

331 425 572 486 modum
616 425 1016 483 instituantur
1060 423 1319 500 exposui.
1395 424 1606 500 quibus
1654 427 1859 483 autem
1904 423 2210 499 copiarum
2254 444 2351 502 ge·
2391 439 2424 487 9

332 515 572 573 neribus
611 515 885 590 oporteat
919 512 1029 587 uti,
1065 533 1185 572 non
1223 515 1312 571 est
1349 513 1659 572 architecti
1693 515 1977 588 potestaS,
2021 512 2154 570 ideo
2195 514 2356 588 quod

333 623 452 663 non
505 603 571 661 in
627 601 899 662 omnibus
954 601 1101 660 locis
1147 602 1347 660 omnia
1401 621 1618 678 genera
1664 601 1969 678 copiarum
2014 605 2356 677 nascuntur,

199 681 403 755 (1⁰)5ut
445 693 510 751 in
553 691 748 767 primo
783 681 1100 772 volulmine
1138 693 1228 749 est
1264 691 1613 766 expositum.
1686 694 1995 766 praeterea
2030 690 2095 748 in
2132 691 2355 750 domini

271 801 273 806 ·
336 785 426 841 est
496 782 822 856 potestate.
868 781 1070 838 utrum
1140 779 1409 838 latericio
1476 799 1554 838 an
1622 779 2005 840 caementicio
2072 798 2149 839 an
2212 799 2355 838 saxo

337 870 629 946 quadrato
683 868 832 928 velit
895 867 1222 926 aedificare.
1321 867 1529 944 itaque
1596 869 1863 928 omnium
1924 888 2169 944 operum
2218 887 2356 944 pro-

334 959 604 1018 bationes
649 955 952 1032 tripertito
1002 956 1469 1032 considerantur,
1524 957 1587 1014 id
1632 961 1724 1016 est
1771 957 1976 1016 fabrili
2022 957 2357 1016 subtilitate

336 1050 398 1106 et
441 1046 883 1122 magnificentia
929 1048 990 1103 et
1034 1044 1438 1120 dispositione.
1528 1065 1663 1104 cum
1715 1047 2163 1123 magnificenter
2207 1064 2357 1122 opus

179 1137 672 1213 (15)1⁰perfectum
717 1135 1056 1211 aspicietur,
1111 1153 1146 1192 a
1194 1134 1419 1202 domini
1462 1125 1779 1216 postestate
1824 1135 2104 1210 inpensae
2149 1134 2357 1194 lauda-

333 1226 576 1298 buntur,
612 1243 749 1283 cum
786 1223 1100 1298 subtiliter,
1138 1222 1523 1282 officinatoris
1560 1221 1910 1298 probabitur
1938 1223 2186 1298 exactio,
2223 1242 2360 1282 cum

335 1333 477 1374 vero
513 1317 760 1372 venuste
803 1312 1285 1390 proportionibus
1334 1315 1394 1370 et
1440 1311 1797 1387 symmetriis
1841 1311 2121 1370 habuerit
2155 1316 2359 1371 aucto-

335 1404 605 1477 ritatem,
658 1405 804 1460 tunc
855 1401 1038 1460 fuerit
1092 1401 1285 1478 gloria
1342 1400 1668 1459 archi-tecti.
1756 1400 1905 1462 haec
1956 1404 2157 1459 autem
2200 1404 2359 1460 recte

339 1493 796 1567 constituuntur,
851 1510 989 1550 cum
1041 1489 1092 1548 is
1149 1493 1210 1548 et
1264 1508 1301 1547 a
1354 1488 1541 1548 fabris
1597 1492 1658 1547 et
1712 1489 1787 1548 ab
1840 1489 2043 1548 idiotis
2094 1489 2362 1564 patiatur

191 1583 602 1658 2⁰)15accipere
650 1600 711 1640 se
749 1579 1012 1640 consilia.
1086 1597 1344 1654 namque
1382 1597 1583 1638 omnes
1628 1578 1914 1653 homineS‚
1956 1572 1964 1656 1
2003 1597 2127 1636 non
2170 1578 2362 1638 solum

340 1671 674 1746 architecti,
740 1670 899 1746 quod
962 1671 1054 1728 est
1114 1668 1339 1727 bonum
1390 1670 1642 1745 possunt
1698 1667 1978 1744 probare,
2042 1667 2143 1725 sed
2204 1667 2362 1725 inter

337 1759 558 1818 idiotas
612 1762 674 1817 et
728 1777 826 1817 eos
870 1759 985 1816 hoc
1031 1760 1121 1816 est
1166 1756 1484 1816 discrimen
1529 1756 1688 1833 quod
1731 1755 1922 1814 idiota
1966 1755 2083 1814 nisi
2135 1757 2363 1814 factum

341 1847 584 1922 viderit,
648 1866 768 1905 non
830 1849 1028 1922 potest
1093 1846 1241 1906 scire
1298 1845 1443 1921 quid
1504 1845 1586 1904 sit
1646 1846 1941 1920 futurum,
2005 1845 2361 1904 architectus

345 1938 550 1995 autem
611 1935 791 1995 simul
855 1935 1052 1995 animo
1117 1934 1518 2008 constituerit,
1581 1938 1904 2011 antequam
1962 1933 2249 2011 inceperit
2302 1936 2364 1993 et

261 2043 316 2083 20
342 2027 656 2085 venustate
711 2027 773 2083 et
824 2043 940 2083 usu
994 2028 1056 2083 et
1110 2024 1318 2085 decore
1365 2024 1541 2099 quale
1588 2024 1667 2083 sit
1718 2026 1989 2082 futurum
2040 2024 2220 2082 habet
2264 2023 2362 2082 de-

339 2112 593 2173 finitum.

233 2211 322 2264 (25)
480 2194 490 2285 1
527 2200 686 2271 Quas
729 2220 824 2260 res
867 2201 1120 2277 privatis
1167 2201 1449 2260 aedificiis
1494 2201 1671 2260 utiles
1716 2201 1931 2277 putavi
1976 2205 2037 2261 et
2083 2201 2363 2277 quemad-

342 2292 584 2351 modum
631 2290 752 2349 sint
794 2291 1107 2349 faciundae
1156 2309 1337 2366 quam
1382 2290 1753 2367 apertissime
1807 2290 1980 2366 potui
2030 2289 2363 2367 perscripsi.

204 2388 324 2444 155
343 2381 416 2439 de
459 2375 467 2459 Ι
509 2379 964 2456 expolitionibus
1011 2382 1217 2438 autem
1262 2398 1466 2438 eorum
1511 2380 1601 2438 uti
1647 2381 1768 2438 sint
1804 2380 2104 2456 elegantes
2142 2382 2203 2437 et
2238 2378 2363 2438 sine

263 2488 315 2529 25
341 2470 508 2531 vitiis
562 2468 639 2527 ad
691 2469 1052 2528 vetustatem
1105 2463 1620 2547 (permanentes),
1672 2468 2012 2544 insequenti
2066 2466 2365 2527 volumine

343 2578 650 2635 exponam.

491 2806 524 2853 1
547 2798 806 2881 poterint
840 2816 894 2854 ω.
925 2799 1003 2870 115
1040 2800 1106 2852 ut
1132 2796 1269 2853 HS
1307 2796 1394 2850 uti
1424 2796 1491 2852 G.
1522 2799 1603 2867 lp
1606 2796 1771 2853 rimo,
1807 2796 2058 2866 proximo
2094 2814 2150 2851 ω.
2178 2798 2197 2867 11
2227 2801 2294 2849 10
2331 2812 2367 2849 a

349 2870 587 2926 domini:
635 2870 709 2925 ab
755 2870 908 2925 omni
943 2888 999 2924 ω.
1054 2871 1073 2951 11
1130 2873 1195 2921 13
1232 2868 1417 2937 gloria
1452 2816 1749 2922 architecti
1784 2868 1974 2951 S(G⁶:)
2020 2865 2203 2938 gloria
2244 2866 2367 2921 aria

347 2941 646 2997 architecti
679 2941 824 2998 HG.
879 2943 898 3011 11
953 2946 1021 2994 14
1055 2940 1106 2994 is
1144 2940 1214 2995 H
1219 2939 1410 3009 S(G⁰)
1456 2938 1546 2993 his
1585 2940 1653 2996 G.
1708 2941 1728 3010 11
1783 2944 1849 2993 19
1895 2886 2206 3009 incoeperit
2244 2939 2311 2993 G.
2348 2938 2368 3010 11

347 3018 418 3067 24
473 3012 909 3083 expolitionibus
947 3012 1010 3067 S.
1067 3008 1543 3079 expoliationibus
1578 3009 1721 3065 HG.
1777 3013 1797 3081 11
1852 3015 1919 3063 25
1974 3011 2368 3079 permanentes

347 3100 446 3141 om.
484 3102 526 3140 x
561 3086 650 3153 (cf.
681 3100 743 3153 Ρ.
782 3088 908 3153 151,
925 3088 1018 3139 21.
1057 3086 1188 3150 168,
1203 3084 1292 3137 21.
1330 3084 1458 3148 146,
1477 3084 1584 3152 13).

1144 3372 1571 3382 ———----—-—————

2399 1415 2468 1464 10
