2664 3927
343 169 472 234 298
991 171 1066 225 Μ.
1107 169 1270 226 ΟΕΤΙ
1307 169 1715 225 FAVENTINI
2633 183 2634 268 Ι

343 322 602 396 coeperit
645 321 858 380 calculi
905 323 1149 395 crepant
1195 323 1256 380 et
1298 321 1541 379 inutiles
1588 323 1773 380 rimae
1812 322 1978 396 operi
2024 321 2383 382 efficientur.

341 410 497 468 unde
537 405 547 488 Ι
587 411 850 486 proxime
907 409 1228 468 extinctam
1282 411 1348 468 in
1402 428 1549 486 opus
1605 409 1900 468 albarium
1952 412 2188 470 mittere
2243 429 2374 470 non
2396 421 2496 472 (15)

349 501 600 575 oportet.
1948 540 1953 546 ·

101 581 226 622 XXI·
259 581 346 675 ἐκ
537 587 816 647 Gamerae
847 605 985 664 ergo
1024 586 1326 646 canniciae
1358 586 1441 646 sic
1471 589 1643 646 erunt
1671 587 2086 663 disponendae.
2152 606 2385 648 asseres

107 646 344 729 0233&
401 676 673 754 abiegnei
711 676 787 734 ad
824 676 1045 734 lineam
1081 678 1187 734 aut
1223 677 1494 753 regulam
1532 676 1862 752 aequaliter
1900 675 2256 754 dirigantur,
2301 697 2382 737 ne
2414 696 2444 737 5

77 759 218 864 (leff-
231 761 373 865 ᾖξ’).
404 766 541 842 plus
586 765 846 828 habeant
893 763 1310 840 grossitudinis
1358 784 1536 840 quam
1582 765 1802 842 digitos
1846 767 1984 824 tres.
2065 765 2173 824 hos
2218 764 2385 825 inter

256 843 268 865 ’
402 873 464 914 se
521 852 920 929 sesquipedali
973 871 1249 913 mensura
1304 853 1525 914 divisos
1572 853 1874 914 ordinabis
1922 857 1982 912 et
2028 854 2251 913 catenis
2300 855 2383 912 ad

343 934 868 1024 contignaltionem
913 941 1234 1018 suspendes
1280 943 1371 1001 ita
1413 943 1483 999 ut
1515 941 1690 1001 binae
1726 941 1988 1018 perticae
2026 943 2374 1020 graciliores
2396 953 2494 1004 (2⁰)

341 1033 500 1092 inter
527 1049 626 1090 eos
663 1032 783 1090 sint
807 1031 1039 1090 missae.
1103 1031 1196 1090 his
1234 1031 1462 1089 faciant
1497 1032 1743 1089 tomices
1779 1031 2089 1108 ligaturaS,
2126 1035 2375 1092 catenae

345 1124 546 1180 autem
600 1123 887 1196 parentur
941 1122 1049 1178 aut
1104 1119 1175 1178 de
1228 1119 1500 1196 iunipero
1548 1122 1653 1178 aut
1698 1118 1857 1179 oliva
1905 1123 2011 1179 aut
2064 1121 2221 1179 buxo
2268 1124 2376 1180 aut
2406 1141 2464 1180 10

345 1227 639 1286 cupress0.
731 1227 995 1268 camerae
1052 1228 1121 1268 ex
1174 1207 1503 1268 harundine
1560 1225 1773 1285 graeca
1822 1211 1921 1268 vel
1975 1209 2233 1285 palustri
2278 1210 2376 1268 vel

344 1297 628 1377 grossiori
699 1317 837 1356 rasa
911 1301 970 1356 et
1043 1300 1294 1357 contusa
1358 1299 1443 1356 sic
1506 1299 1902 1356 contexantur
1963 1300 2032 1356 ut
2103 1299 2377 1357 fasciculi

343 1387 610 1464 aequalis
649 1377 987 1468 admoldum
1025 1385 1443 1463 grossitudinis
1483 1388 1543 1444 et
1578 1386 1971 1463 longitudinis
2010 1389 2148 1446 ante
2186 1386 2375 1464 ligen·
2394 1396 2487 1448 (25)

342 1479 457 1552 tur,
496 1478 599 1552 qui
634 1477 866 1552 possint
907 1471 914 1554 Ι
957 1475 1266 1550 aequalem
1302 1477 1558 1533 nitorem
1596 1475 1923 1550 ostendere,
1962 1478 2067 1534 aut
2102 1477 2155 1534 si
2194 1495 2377 1550 quam
2394 1481 2515 1539 304
2633 1507 2634 1536 ;

345 1567 656 1624 cultiorem
730 1565 988 1642 gratiam
1051 1567 1316 1622 emutare
1380 1563 1639 1623 volueris
1652 1609 1667 1639 ,
1740 1565 2012 1623 fasciculi
2082 1564 2374 1624 mollioris
2404 1583 2459 1625 15
2633 1553 2634 1570 ¹

345 1673 566 1713 cannae
610 1653 847 1712 facilius
893 1653 1031 1711 flexi
1075 1652 1385 1711 ducantur.
1474 1655 1683 1727 postea
1737 1655 1930 1728 primo
1976 1653 2157 1712 manu
2201 1653 2373 1712 indu-

345 1747 514 1802 catur
566 1743 814 1818 inpensa
857 1740 1130 1817 pumicea
1145 1787 1160 1816 ,
1207 1745 1268 1800 et
1311 1741 1649 1800 trullizetur
1693 1744 1763 1799 ut
1808 1760 1997 1800 canna
2044 1741 2375 1819 subigatur,

343 1832 555 1892 deinde
599 1832 822 1890 harena
870 1832 931 1888 et
977 1831 1136 1888 calce
1181 1821 1515 1911 dir-ilgatur.
1597 1831 1776 1889 tertio
1823 1849 2083 1889 marmor
2126 1834 2373 1890 tunsum
2392 1841 2453 1894 (5)

344 1916 522 1996 super
567 1921 723 1979 calce
777 1919 1094 1979 inducatur
1138 1922 1200 1979 et
1253 1919 1536 1995 poliatur.
1628 1919 1713 1978 sic
1768 1922 1828 1979 et
1876 1921 2070 1979 nitore
2116 1920 2375 1997 gratiam

345 2012 404 2068 et
431 2011 717 2068 virtutem
755 2010 1007 2070 solidam
1043 2010 1242 2068 facies,
1307 2010 1360 2069 si
1390 2008 1535 2084 quid
1573 2011 1773 2067 autem
1808 2009 2096 2069 urbanius
2124 2008 2373 2069 cameris
2402 2030 2459 2069 so

345 2097 557 2156 addere
611 2098 896 2173 volueris,
958 2098 1269 2156 fasciculos
1335 2097 1406 2156 de
1471 2116 1661 2156 canna
1720 2098 1901 2157 facies
1958 2100 2020 2157 et
2073 2098 2372 2173 laquearis

346 2186 538 2262 operis
585 2186 838 2246 delicate
885 2190 993 2245 aut
1039 2186 1345 2245 arcuatilis
1393 2204 1659 2245 camerae
1705 2186 1986 2263 exemplis
2032 2186 2237 2245 uteris.

103 2268 352 2309 XX11.D0
541 2267 546 2356 Ι
578 2274 842 2335 Parietes
889 2292 1006 2333 uno
1045 2276 1202 2333 corio
1239 2276 1410 2333 tenui
1456 2278 1517 2333 et
1564 2274 1682 2333 alio
1724 2274 2007 2353 grossiori
2053 2275 2105 2334 si
2149 2276 2374 2335 fuerint
2390 2288 2482 2339 (1⁰)

77 2321 382 2423 pssffgfflgs
403 2364 635 2423 inducti
681 2366 741 2422 et
794 2363 998 2440 politi,
1056 2364 1371 2423 macritate
1414 2363 1696 2440 inpensae
1740 2364 1860 2423 cito
1908 2367 2374 2439 corrumpentur.

108 2430 354 2522 cssfoffii'
404 2454 738 2528 exemplum
789 2454 966 2512 huius
1032 2472 1101 2511 ex
1165 2452 1420 2528 speculis
1475 2471 1704 2511 sumere
1760 2452 2064 2527 debemus,
2120 2472 2376 2528 quorum
2402 2474 2458 2515 25

105 2553 288 2606 vien-1,
322 2556 348 2593 8
400 2546 608 2601 tenues
653 2543 970 2600 lamminae
1016 2542 1200 2599 falsas
1249 2544 1310 2599 et
1347 2541 1637 2600 deformes
1684 2541 2021 2616 exprimunt
2064 2542 2373 2619 imagineS‚

79 2606 210 2655 ‘Pau'
234 2610 270 2660 ¹’
289 2607 372 2658 ¹⁵)‘
401 2631 623 2691 solidae
653 2634 854 2689 autem
881 2631 1198 2689 lamminae
1217 2648 1389 2689 veras
1410 2632 1471 2689 et
1496 2648 1638 2689 suae
1665 2630 2123 2705 pulchritudinis
2152 2632 2372 2691 formas

346 2721 676 2797 designant.
749 2721 944 2795 prima
985 2714 992 2797 Ι
1035 2738 1174 2796 ergo
1202 2718 1548 2787 inductione
1586 2719 1907 2793 trullizata,
1946 2738 2083 2778 cum
2111 2738 2373 2778 arescere
2392 2731 2484 2783 (15)

346 2811 633 2884 coeperit,
696 2807 914 2867 iterum
975 2827 1042 2867 ac
1103 2808 1283 2867 tertio
1348 2805 1727 2867 loricationes
1782 2807 2136 2885 dirigantur.
2238 2827 2375 2867 cum

346 2898 538 2957 tribus
595 2897 768 2957 coriis
825 2916 974 2972 opus
1029 2898 1213 2955 fuerit
1267 2896 1689 2971 deformatum,
1753 2897 1899 2954 tunc
1954 2916 2025 2955 ex
2078 2916 2371 2957 marmore
2400 2918 2457 2959 30

348 2988 556 3064 granio
601 2986 1036 3045 trullizationes
1083 2988 1224 3044 sunt
1269 2985 1649 3062 subigendae.
1721 2985 1823 3043 sed
1858 2986 1992 3060 ipsa
2028 2988 2251 3062 species
2288 2986 2374 3046 sic
2484 2994 2493 3005 “

344 3078 590 3150 paretur
633 3077 702 3132 ut
757 3077 894 3133 ante
949 3074 1321 3134 inductiones
1378 3073 1611 3158 tamdiu
1656 3073 1971 3150 subigatur
2013 3078 2083 3133 ut
2136 3077 2378 3133 rutrum-

347 3182 418 3221 ex
473 3182 544 3223 ea
595 3163 885 3221 mundum
937 3162 1185 3241 levetur.
1274 3154 1657 3243 inlarescente
1718 3163 2062 3223 inductione
2118 3164 2375 3223 alterum
2391 3175 2479 3227 (80)

347 3252 572 3309 corium
616 3250 895 3310 subtilius
949 3250 1286 3327 inducatur,
1344 3254 1412 3309 ut
1460 3252 1773 3310 marmoris
1821 3252 2073 3311 candore
2120 3255 2180 3311 et
2223 3253 2375 3328 poli-

346 3338 608 3399 tionibus
653 3339 904 3398 fundata
951 3340 1219 3399 soliditas
1266 3339 1523 3398 nitidum
1560 3340 1828 3399 culturae
1864 3341 2049 3400 faciat
2086 3341 2373 3401 decorem.
2400 3360 2453 3402 ³5
2628 3318 2635 3383 Ι

349 3427 547 3485 omnia
611 3447 751 3503 ergo
817 3448 971 3503 quae
1036 3428 1312 3505 diligenti
1386 3428 1583 3488 studio
1648 3433 2107 3506 componuntur,
2179 3448 2374 3506 neque

349 3513 744 3573 vetustatibus
783 3516 1159 3575 obsolescunt
1193 3536 1383 3593 neque
1414 3537 1549 3576 cum
1590 3513 1597 3596 Ι
1638 3519 1884 3595 purgari
1911 3519 2213 3595 coeperint
2240 3539 2373 3598 gra·
2393 3527 2505 3583 805
