2664 3927
766 171 863 225 DE
902 171 1465 228 ARCHITECTURA
1500 172 1633 227 LIB.
1672 173 1769 240 VI,
1808 178 1836 225 7
2189 170 2315 234 149

297 327 580 400 quattuor
607 323 884 383 tricliniis
921 323 1127 382 stratis
1158 323 1667 383 ministrationum
1702 323 2092 398 ludorumque
2122 321 2317 398 operis

292 414 460 475 locus
503 413 696 489 possit
741 431 867 472 esse
912 412 1226 487 spatiosus.
1298 413 1363 472 in
1406 413 1499 472 his
1548 412 1702 472 oecis
1746 411 1900 471 fiunt
1933 411 2133 470 vin‘lia
2180 429 2314 470 con·
2353 425 2386 472 4

292 503 470 563 vivia.
577 521 698 562 non
762 501 920 560 enim
981 501 1180 560 fuerat
1249 501 1596 560 institutum
1658 504 1879 560 matres
1951 499 2318 558 familiarum

215 603 282 653 (⁵)
297 611 500 652 eorum
544 582 825 672 morilbus
871 590 1230 650 accumbere.
1320 590 1469 649 haec
1524 594 1729 650 autem
1773 590 2061 665 peristyla
2109 587 2317 648 domus

240 701 268 744 5
294 681 698 741 andronitides
745 679 1037 752 dicuntur,
1083 679 1242 754 quod
1286 679 1350 738 in
1394 679 1446 738 is
1486 679 1601 738 viri
1648 679 1773 738 sine
1818 676 2315 754 interpellationi-

292 770 401 830 bus
445 770 766 828 mulierum
799 771 1130 828 versantur.
1206 771 1514 842 praeterea
1560 768 1768 828 dextra
1813 786 1883 826 ac
1927 767 2168 826 sinistra
2216 765 2315 825 do-

293 859 606 918 munculae
653 857 1095 916 constituuntur
1139 857 1423 916 habentes
1470 857 1741 933 proprias
1797 856 2008 916 ianuas
2054 855 2317 914 triclinia

291 951 356 1008 *et
419 946 690 1008 cubicula
754 945 1088 1020 commoda,
1151 946 1245 1004 uti
1307 946 1571 1021 hospites
1636 945 2017 1004 advenientes
2079 963 2199 1003 non
2252 943 2317 1001 in

185 1047 275 1096 (ιο)
294 1035 586 1112 peristyla
651 1034 753 1094 sed
816 1035 878 1092 in
944 1053 1014 1093 ea
1055 1026 1063 1114 Ι
1103 1034 1427 1110 hospitalia
1490 1034 1870 1110 recipiantur.
1980 1053 2121 1092 nam
2184 1051 2318 1092 cum

214 1146 270 1186 10
293 1126 535 1184 fuerunt
581 1123 791 1182 Graeci
837 1123 1210 1182 delicatiores
1258 1126 1318 1182 et
1366 1123 1609 1182 fortuna
1656 1122 2072 1198 opulentioreS‚
2116 1122 2315 1197 hospi-

294 1213 454 1273 tibus
491 1212 938 1272 advenientibus
973 1211 1350 1272 instruebant
1384 1211 1645 1270 triclinia
1682 1211 1952 1270 cubicula
1988 1230 2122 1270 cum
2156 1230 2319 1287 penu

297 1300 476 1362 cellas
512 1302 821 1377 primoque
851 1301 946 1360 die
983 1301 1060 1360 ad
1097 1320 1304 1360 cenam
1340 1300 1695 1374 invitabant,
1732 1303 1970 1375 postero
1998 1299 2320 1358 mittebant

293 1390 489 1466 pullos
545 1409 658 1450 ova
709 1389 913 1450 holera
966 1409 1145 1466 poma
1207 1389 1589 1466 reliquasque
1652 1408 1747 1448 res
1802 1391 2083 1466 agrestes,
2183 1387 2315 1446 ideo

186 1490 275 1542 (15)
292 1479 551 1555 pictores
596 1499 666 1538 ea
711 1498 864 1556 quae
909 1479 1302 1538 mittebantur
1336 1471 1685 1560 hospiltibus
1727 1477 1976 1554 picturis
2012 1477 2317 1535 imitantes

212 1590 266 1647 15
292 1569 466 1628 xenia
531 1569 997 1645 appellaverunt.
1096 1569 1184 1626 ita
1245 1570 1448 1644 patres
1510 1567 1877 1625 familiarum
1938 1567 2003 1624 in
2056 1565 2317 1640 hospitio

294 1676 414 1718 non
466 1658 823 1716 videbantur
878 1676 1001 1716 esse
1064 1676 1337 1735 peregre,
1399 1657 1685 1716 habentes
1750 1658 2035 1714 secretam
2097 1654 2163 1712 in
2223 1653 2317 1712 his

292 1746 687 1822 hospitalibus
741 1745 1180 1806 liberalitatem.
1271 1746 1429 1804 inter
1474 1745 1589 1804 duo
1646 1747 1847 1806 autem
1899 1743 2191 1819 peristyla
2236 1741 2314 1800 ad
2353 1755 2383 1802 5

295 1835 618 1910 hospitalia
663 1835 881 1893 itinera
927 1838 1066 1893 sunt
1103 1853 1254 1910 quae
1291 1835 1589 1894 mesauloe
1628 1833 1922 1908 dicuntur,
1969 1833 2126 1908 quod
2161 1831 2319 1890 inter

189 1935 277 1987 (20)
297 1922 443 1981 duas
489 1925 656 1983 aulas
701 1923 898 1989 media
944 1927 1083 1983 sunt
1124 1923 1497 1999 interposita,
1542 1923 1730 1983 nostri
1778 1925 1978 1982 autem
2018 1916 2026 2000 Ι
2068 1939 2167 1981 eas
2214 1938 2316 1980 an-

216 2034 270 2073 60
297 2012 511 2071 dronas
558 2013 882 2089 appellant.
2054 2071 2057 2075 .

433 2100 548 2160 Sed
602 2102 713 2160 hoc
766 2102 938 2160 valde
994 2104 1084 2161 est
1134 2102 1498 2177 mirandum,
1561 2121 1669 2160 nec
1728 2101 1887 2160 enim
1946 2118 2156 2177 graece
2210 2118 2317 2157 nec

295 2190 483 2248 latine
526 2193 728 2266 potest
770 2190 834 2249 id
879 2190 1206 2250 convenire.
1282 2190 1494 2249 Graeci
1530 2191 1690 2249 enim
1734 2191 2070 2265 ανδρωναε
2116 2189 2317 2263 appel-

296 2280 429 2340 lant
474 2298 670 2355 oecos,
715 2279 819 2337 ubi
862 2280 1136 2339 convivia
1179 2280 1383 2339 virilia
1427 2282 1621 2341 solent
1666 2298 1817 2354 esse,
1873 2278 2032 2354 quod
2077 2296 2146 2337 eo
2191 2296 2317 2334 mu-

296 2368 470 2427 lieres
508 2387 629 2427 non
666 2368 966 2427 accedunt.
1037 2370 1184 2427 item
1221 2369 1376 2427 aliae
1412 2388 1506 2427 res
1544 2372 1682 2427 sunt
1716 2367 1957 2443 similes,
1993 2366 2083 2425 uti
2110 2368 2317 2442 xystus

217 2478 270 2519 25
296 2458 650 2533 prothyrum
691 2464 699 2537 Ι
739 2458 1064 2517 telamones
1103 2461 1164 2517 et
1198 2459 1487 2517 nonnulla
1525 2458 1647 2515 alia
1684 2458 1809 2515 eius
1845 2456 2025 2516 modi.
2098 2456 2319 2515 ξυετοε

299 2547 456 2609 enim
501 2550 592 2607 est
635 2565 848 2625 graeca
895 2546 1294 2623 appellatione
1335 2547 1598 2623 porticus
1636 2547 1839 2621 ampla
1874 2543 2209 2619 latitudine,
2254 2543 2318 2602 in

297 2654 416 2711 qua
452 2636 716 2695 athletae
751 2655 860 2711 per
887 2635 1136 2695 hiberna
1171 2638 1442 2711 tempora
1470 2638 1826 2694 exercentur.
1898 2633 2089 2693 nostri
2117 2635 2319 2691 autem

159 2733 276 2789 151
296 2725 662 2801 hypaethrus
729 2716 1176 2807 amlbulationes
1247 2728 1424 2801 xysta
1488 2724 1821 2800 appellant,
1896 2742 2041 2799 quas
2108 2720 2317 2781 Graeci

440 2955 468 3002 1
509 2964 706 3019 operas
747 2948 813 3005 G.
843 2950 920 3018 113
958 2946 1157 3001 matris
1183 2948 1253 3002 H
1258 2946 1322 3003 S:
1364 2962 1447 3001 -es
1486 2948 1553 3004 G.
1584 2949 1664 3017 114
1699 2943 2057 3017 peristy(i)lia
2092 2962 2133 2999 ω
2170 2946 2318 3013 (item

295 3022 672 3090 υ.9.18).115
719 3018 1104 3073 andronitides
1145 3036 1198 3074 ω.
1260 3018 1269 3091 Ι
1327 3018 1402 3073 is:
1457 3017 1547 3071 his
1582 3036 1638 3073 x.
1702 3020 1721 3088 ΙΙ
1787 3023 1853 3071 12
1898 3018 2122 3086 postero
2159 3014 2315 3070 HG:

293 3111 518 3179 postero
554 3108 646 3163 die
672 3108 726 3165 s.
757 3110 776 3178 n
805 3113 873 3163 14
907 3106 1166 3163 imitantv
1191 3107 1270 3175 H,
1307 3090 1399 3161 -t2
1430 3106 1474 3162 s
1506 3108 1634 3177 (aes
1666 3107 1753 3175 e).
1791 3107 1811 3175 ss
1849 3112 1915 3160 ιτ
1954 3106 2053 3161 aa:
2092 3105 2137 3159 a
2166 3103 2318 3173 (Hs,

296 3182 356 3233 et
385 3181 456 3250 G)
487 3196 542 3235 x.
571 3183 591 3249 u
620 3185 687 3235 18
723 3195 891 3247 quem
921 3180 930 3250 Ι
964 3178 1156 3235 esaulo
1195 3178 1489 3233 edicuntur
1515 3177 1585 3231 H
1614 3180 1745 3252 (que
1781 3177 2067 3231 mesauloe
2106 3176 2211 3231 dfir
2229 3174 2315 3245 S),

297 3268 350 3319 (ις
386 3252 664 3325 szaule
702 3248 964 3308 dicuntur
994 3249 1062 3305 G.
1100 3252 1120 3321 ΙΙ
1155 3255 1223 3305 22
1253 3252 1342 3320 (-·--
1374 3252 1461 3319 19)
1500 3249 1780 3303 andronas
1817 3266 1872 3303 ω.
1912 3251 1931 3318 ΙΙ
1970 3253 2037 3301 23
2074 3262 2239 3302 066116
2276 3264 2319 3301 x

295 3322 478 3390 (06606
512 3323 620 3393 G0).
667 3324 687 3392 ΙΙ
731 3326 799 3375 24
837 3321 1116 3378 accedunt
1141 3322 1211 3376 H
1215 3321 1272 3389 S,
1306 3319 1467 3375 -dent
1498 3321 1565 3425 G:-
1599 3322 1607 3388 Ι
1638 3336 1727 3375 res
1766 3321 1897 3373 sunt
1924 3318 2145 3374 Hcc’S:
2186 3320 2319 3371 sunt

293 3443 383 3485 res
420 3434 546 3483 ante
581 3444 718 3485 corr.
748 3427 826 3483 H.
855 3429 875 3498 ΙΙ
901 3432 971 3482 26
1006 3430 1296 3504 protyrum
1323 3444 1365 3482 ω
1398 3429 1647 3497 (protyrfi
1676 3427 1758 3497 S).
1792 3428 1801 3497 Ι
1832 3424 2185 3479 thalamones
2212 3442 2267 3479 x.
2303 3422 2319 3499 ι

293 3534 486 3601 xystos
522 3552 576 3589 α’.
625 3536 644 3603 ΙΙ
688 3538 757 3589 28
793 3534 1051 3604 hyp&rus
1085 3535 1200 3603 GS,
1237 3511 1477 3605 hyfitrus
1512 3534 1598 3590 G0.
1642 3536 1650 3605 Ι
1690 3531 1841 3602 xysti
1876 3549 1931 3587 ω.
