2664 3927
335 168 380 235 4·
1184 169 1516 253 yrrnuvn

265 328 300 376 5
336 321 617 380 historias
665 323 866 379 autem
910 321 1110 395 plures
1155 319 1390 379 novisse
1437 321 1690 395 oportet,
1737 319 1899 396 quod
1941 320 2139 379 multa
2184 338 2360 379 orna-

335 413 538 469 menta
591 428 768 486 saepe
820 410 886 468 in
941 409 1216 484 operibus
1271 409 1580 468 architecti
1625 409 1964 486 designant,
2019 408 2093 468 de
2140 408 2359 484 quibus

337 498 675 577 argumenti
750 499 1046 558 rationem
1123 516 1231 556 cur
1300 497 1551 556 fecerint
1621 497 2042 573 quaerentibus
2112 497 2359 556 reddere

335 588 570 647 debent.
635 587 1131 663 quemadmodum
1169 586 1220 645 si
1251 587 1353 662 qui
1391 589 1624 645 statuas
1650 604 2010 646 marmoreas
2036 585 2359 645 muliebres

335 678 604 752 stolataS,
652 695 806 751 quae
844 675 1178 751 caryatides
1217 675 1511 750 dicuntur,
1556 693 1664 751 pro
1704 669 1714 752 Ι
1756 674 2044 735 columnis
2079 675 2143 733 in
2182 693 2358 751 opere
2374 687 2402 728 5
2420 689 2521 737 (1⁰)

337 765 622 826 statuerit
665 767 726 823 et
771 765 1014 840 insuper
1056 765 1322 822 mutulos
1370 767 1429 822 et
1475 782 1719 822 coronas
1768 763 2181 840 conlocaverit,
2226 783 2359 839 per-

337 854 721 913 contantibus
776 854 864 912 ita
918 853 1125 912 reddet
1168 853 1478 912 rationem.
1571 851 1766 928 Carya
1812 853 2022 912 civitas
2067 852 2361 930 Pelopon-

337 943 538 1002 nensis
603 962 738 1002 cum
798 942 994 1001 Persis
1057 942 1325 1000 hostibus
1392 945 1597 1000 contra
1662 941 1973 1001 Graeciam
2045 941 2363 1016 consensit,

336 1034 550 1110 postea
597 1030 810 1090 Graeci
862 1050 970 1107 per
1021 1031 1336 1090 victoriam
1391 1031 1645 1108 gloriose
1699 1030 1855 1089 bello
1908 1031 2145 1089 liberati
2204 1049 2361 1089 com-

339 1121 510 1180 muni
565 1120 811 1180 consilio
861 1119 1213 1196 Caryatibus
1266 1120 1495 1178 bellum
1547 1119 1904 1178 indixerunt.
1995 1120 2200 1195 itaque
2255 1136 2360 1195 op-
2392 1142 2449 1180 ιο

339 1210 482 1286 pido
524 1204 532 1286 Ι
574 1212 750 1286 capto
804 1209 949 1268 viris
1012 1209 1340 1268 interfectis
1395 1209 1639 1267 civitate
1696 1208 2005 1268 desacrata
2056 1211 2361 1267 matronas
2382 1220 2476 1271 (15)

337 1318 541 1358 eorum
603 1299 667 1357 in
731 1298 1081 1358 servitutem
1136 1297 1535 1373 abduxerunt,
1598 1316 1705 1356 nec
1759 1300 1901 1356 sunt
1953 1298 2116 1373 passi
2174 1298 2361 1356 stolas

333 1407 526 1464 neque
573 1390 817 1447 ornatus
862 1388 1225 1446 matronales
1263 1387 1573 1462 deponere,
1619 1386 1710 1444 uti
1745 1405 1865 1444 non
1900 1405 2022 1445 una
2056 1386 2360 1462 triumpho

336 1476 694 1536 ducerentur
729 1477 831 1536 sed
869 1479 1110 1535 aeterno
1149 1475 1455 1535 servitutis
1493 1475 1761 1551 exemplo
1790 1475 1960 1553 gravi
1997 1475 2362 1534 contumelia

335 1585 574 1643 pressae
620 1583 844 1641 poenas
888 1565 1145 1641 pendere
1190 1564 1537 1623 viderentur
1578 1583 1687 1639 pro
1734 1563 1993 1623 civitate.
2075 1564 2208 1622 ideo
2256 1563 2360 1639 qui
2390 1585 2444 1625 15

338 1657 485 1713 tunc
550 1653 860 1713 architecti
901 1650 908 1732 Ι
948 1654 1191 1711 fuerunt
1249 1652 1531 1711 aedificiis
1594 1653 1846 1728 publicis
1899 1653 2361 1730 designaverunt
2381 1665 2472 1715 (20)

340 1763 548 1802 earum
583 1741 874 1819 imagines
911 1742 1076 1800 oneri
1111 1741 1365 1799 ferundo
1394 1741 1747 1816 conlocatas,
1785 1744 1856 1799 ut
1888 1742 2072 1800 etiam
2105 1742 2359 1817 posteris

267 1848 302 1896 6
339 1834 484 1890 nota
529 1849 721 1906 poena
765 1831 995 1905 peccati
1042 1828 1392 1906 Caryatium
1436 1830 1755 1889 memoriae
1799 1830 2149 1906 traderetur.
2240 1848 2360 1888 non

336 1921 532 1980 minus
578 1919 860 1997 LaconeS,
904 1919 1205 1979 Pausania
1248 1919 1665 1998 Agesipolidos
1710 1919 1833 1978 filio
1880 1920 2043 1996 duce,
2087 1918 2358 1979 Plataico

335 2010 564 2086 proelio
617 2028 811 2085 pauca
863 2029 1048 2068 manu
1097 2004 1104 2087 Ι
1153 2009 1457 2067 infinitum
1509 2028 1822 2068 numerum
1876 2010 2167 2069 exercitus
2218 2009 2359 2067 Per·
2394 2019 2432 2073 5

337 2117 541 2158 sarum
587 2118 723 2158 cum
767 2098 1226 2175 superavissent,
1274 2101 1409 2157 acto
1457 2117 1593 2157 cum
1637 2098 1829 2175 gloria
1873 2098 2178 2174 triumpho
2226 2117 2357 2173 spo-
2388 2121 2441 2159 21

337 2188 558 2248 liorum
604 2190 665 2246 et
700 2188 974 2263 praedae,
1019 2187 1319 2263 porticum
1355 2186 1653 2245 Persicam
1700 2206 1770 2245 ex
1806 2187 2120 2261 manubiis,
2164 2186 2360 2247 laudis

342 2280 404 2336 et
447 2276 691 2336 virtutis
740 2276 959 2335 civium
1001 2276 1283 2350 indicem,
1327 2276 1613 2335 victoriae
1663 2275 1917 2351 posteris
1962 2294 2069 2351 pro
2113 2279 2360 2351 tropaeo

337 2365 796 2440 constituerunt,
823 2365 1025 2440 ibique
1054 2365 1429 2440 captivorum
1462 2356 1469 2445 Ι
1501 2364 1821 2423 simulacra
1846 2364 2155 2424 barbarico
2174 2364 2357 2424 vestis
2378 2375 2439 2428 (⁵)

341 2456 581 2530 ornatu,
645 2454 924 2529 superbia
977 2452 1205 2512 meritis
1260 2452 1635 2511 contumeliis
1698 2454 1935 2529 punita,
2000 2453 2359 2512 sustinentia
2388 2476 2441 2515 25

339 2546 564 2601 tectum
618 2543 1102 2617 conlocaverunt,
1156 2541 1247 2600 uti
1304 2544 1365 2600 et
1415 2542 1613 2601 hostes
1658 2543 2087 2618 horrescerent,
2144 2543 2358 2601 timore

340 2651 544 2690 eorum
586 2631 958 2691 fortitudinis
1005 2632 1244 2689 effectus
1257 2676 1272 2706 ,
1320 2633 1382 2688 et
1426 2630 1583 2689 cives
1627 2630 1691 2689 id
1736 2632 2072 2708 exemplum
2115 2631 2356 2691 virtutis

341 2722 692 2798 aspicientes
739 2721 932 2798 gloria
978 2719 1157 2779 erecti
1204 2720 1281 2778 ad
1317 2719 1745 2778 defendendam
1789 2720 2128 2779 libertatem
2164 2724 2362 2779 essent

485 2970 517 3017 3
557 2961 901 3032 argumentis
927 2978 982 3016 ω.
1012 2963 1031 3031 ΙΙ
1059 2966 1093 3012 4
1130 2960 1178 3013 si
1215 2959 1341 3029 quis
1377 2977 1419 3014 x
1455 2962 1537 3028 (ut
1565 2977 1623 3029 p.
1655 2963 1708 3027 ¹7,
1736 2962 1841 3029 14).
1878 2962 1898 3029 ΙΙ
1935 2964 1966 3011 5
2006 2960 2180 3031 cary(i
2198 2960 2266 3015 H
2270 2960 2364 3030 S)-

343 3034 526 3088 atides
571 3051 627 3087 x.
681 3035 700 3101 ΙΙ
755 3039 786 3087 6
832 3030 1293 3101 percontantibus
1342 3031 1408 3085 H
1416 3032 1494 3087 G:
1599 3030 2019 3085 ercuntantibus
2067 3031 2135 3086 H
2138 3038 2177 3099 ⁶,
2238 3046 2365 3100 per-

343 3102 740 3160 cunctantibus
778 3101 966 3172 S(G‘0>.
1011 3104 1032 3171 ΙΙ
1079 3107 1108 3154 7
1148 3101 1301 3156 caria
1336 3120 1393 3157 x.
1440 3108 1448 3167 Ι
1492 3117 1563 3173 pe
1587 3102 1910 3171 oponnessis
1949 3101 2026 3170 H,
2072 3101 2363 3172 -ponensis

347 3175 463 3231 GS.
509 3177 530 3245 n
577 3178 644 3227 10
681 3171 1003 3241 caryatibus
1042 3172 1123 3240 H,
1166 3172 1487 3241 cariatybus
1529 3173 1599 3240 G,
1643 3172 1948 3227 cariatibus
1988 3172 2041 3228 S.
2087 3174 2106 3243 ΙΙ
2153 3179 2216 3227 11
2267 3172 2363 3227 de-

346 3245 563 3301 clarata
595 3262 653 3300 x.
697 3247 716 3314 ΙΙ
765 3248 831 3297 13
867 3260 982 3297 una
1028 3245 1162 3312 (una
1199 3244 1264 3313 S)
1307 3246 1387 3299 sic
1421 3262 1475 3299 x.
1522 3245 1541 3312 ΙΙ
1588 3249 1653 3297 16
1691 3243 2165 3315 (designaverunt)
2211 3244 2364 3313 quod

345 3318 475 3371 add.
505 3315 558 3371 S.
596 3317 615 3385 ΙΙ
654 3321 719 3369 17
758 3330 929 3368 onera
956 3314 1039 3369 8⁰.
1072 3317 1082 3381 Ι
1112 3312 1348 3369 ferundo
1376 3314 1462 3370 H:
1500 3314 1728 3369 ferendo
1767 3313 1837 3368 H
1839 3314 1989 3371 068.
2016 3316 2036 3385 ΙΙ
2066 3320 2130 3369 18
2170 3332 2365 3385 carya-

345 3385 492 3440 tium
527 3403 581 3440 ω.
609 3388 629 3456 n
660 3392 724 3439 19
761 3384 1178 3456 Agesipolidos:
1215 3385 1421 3455 hagest
1454 3384 1589 3439 illae
1626 3384 1743 3454 (ille
1773 3385 1843 3453 G,
1877 3384 2179 3459 hagestille
2207 3386 2366 3457 SGC)

347 3455 569 3581 prqliclllos
619 3475 687 3583 ἔ.
748 3462 757 3523 1
814 3455 1097 3512 Plataico:
1159 3456 1372 3525 pitalco
1428 3475 1483 3511 ω.
1552 3458 1571 3525 ΙΙ
1637 3461 1705 3509 23
1758 3457 2007 3530 tropaeo}
2057 3457 2164 3527 G)o
2213 3456 2283 3511 Η
2286 3458 2365 3513 G:

436 3545 475 3597 p
515 3542 582 3581 eo
663 3570 672 3582 .
