2664 3927
732 172 830 225 DE
866 171 1425 228 ARCHITECTURA
1461 172 1592 227 LIB.
1631 173 1727 240 IX,
1765 178 1795 226 '1
2143 174 2271 237 231

258 323 640 382 inveniuntur
675 323 1029 399 disparatae.
1084 323 1291 398 itaque
1325 322 1392 380 in
1428 322 1894 399 quibuscumque
1931 321 2074 383 locis
2102 324 2272 383 horo·
2313 341 2344 387 2

258 412 421 488 logia
458 415 631 471 erunt
667 411 1065 485 describenda,
1110 431 1179 471 eo
1215 410 1334 469 loci
1371 412 1656 470 sumenda
1695 414 1784 471 est
1821 413 2272 488 aequinoctialis

257 500 484 575 umbra,
531 505 591 560 et
635 500 687 559 si
724 503 896 559 erunt
933 500 1430 576 quemadmodum
1465 501 1688 562 Romae
1727 502 2036 578 gnomonis
2073 506 2274 578 partes

258 608 489 664 novem,
532 590 775 649 umbrae
822 592 1086 663 octonae,
1133 588 1501 647 describatur
1544 584 1788 668 (linea)
1820 590 1885 648 in
1922 590 2178 666 planitia
2215 594 2276 649 et

120 689 291 738 (20)5e
344 679 540 737 media
595 694 757 751 προς
811 680 1006 751 ορθαε
1062 677 1328 754 erigatur
1367 673 1375 755 Ι
1415 680 1488 735 ut
1542 678 1622 736 sit
1677 678 1754 736 ad
1807 698 2076 737 normam
2123 698 2274 755 quae

258 766 475 825 dicitur
529 784 813 843 gnomon,
868 769 929 824 et
984 784 1021 823 a
1074 766 1235 825 linea
1290 785 1442 841 quae
1497 766 1612 825 erit
1663 768 1946 843 planities
1998 768 2062 825 in
2116 768 2275 827 linea

120 864 238 919 234
260 856 569 932 gnomonis
616 854 833 915 circino
878 873 1092 914 novem
1138 854 1335 931 spatia
1381 854 1793 932 dimetiantur,
1835 852 1844 935 1
1887 860 1946 915 et
1993 875 2108 931 quo
2145 856 2274 916 loco

257 963 447 1003 nonae
501 944 691 1019 partis
748 944 985 1020 signum
1029 943 1211 1002 fuerit
1256 946 1524 1002 centrum
1569 945 1970 1004 constituatur
2013 944 2118 1003 ubi
2163 946 2277 1004 erit
2356 966 2360 971 ·

256 1033 461 1091 littera
507 1050 577 1106 A,
624 1035 683 1091 et
728 1032 966 1092 diducto
1013 1032 1231 1091 circino
1278 1031 1353 1090 ab
1401 1050 1470 1091 eo
1516 1036 1717 1094 centro
1764 1034 1840 1092 ad
1884 1034 2105 1093 lineam
2148 1034 2276 1110 pla-

182 1143 235 1182 ιο
262 1122 443 1179 nitiae
506 1121 609 1179 ubi
674 1121 789 1179 erit
849 1122 1053 1180 littera
1116 1140 1181 1195 n,
1223 1120 1563 1180 'circinatio
1627 1121 1831 1181 circuli
1894 1122 2276 1197 describatur,

264 1228 412 1284 quae
460 1210 679 1269 dicitur
721 1209 1067 1268 meridiana.
1158 1209 1370 1268 deinde
1418 1229 1488 1267 ex
1530 1228 1745 1269 novem
1788 1211 2076 1286 partibus,
2123 1230 2275 1287 quae
2315 1227 2346 1273 3

178 1310 243 1361 (5)
264 1302 399 1356 sunt
448 1316 485 1359 a
526 1293 534 1376 Ι
574 1298 831 1375 planitia
876 1299 953 1357 ad
997 1298 1305 1376 gnomonis
1355 1301 1648 1374 centrum,
1703 1317 1814 1358 vm
1861 1302 2172 1358 sumantur
2217 1303 2278 1359 et

260 1386 568 1464 signentur
610 1389 675 1446 in
718 1388 878 1447 linea
926 1406 1078 1463 quae
1125 1389 1215 1445 est
1257 1386 1321 1445 in
1366 1387 1620 1462 planitia
1664 1386 1768 1445 ubi
1815 1388 1928 1446 erit
1970 1387 2174 1446 littera
2221 1406 2274 1447 c.

259 1475 402 1534 haec
448 1478 649 1536 autem
695 1477 808 1535 erit
852 1475 1161 1554 gnomonis
1198 1475 1651 1551 aequinoctialis
1687 1476 1912 1534 umbra.
1988 1480 2048 1535 et
2093 1477 2168 1535 ab
2207 1496 2278 1536 eo

178 1585 231 1625 15
260 1564 428 1641 signo
474 1568 536 1625 et
578 1566 785 1625 littera
823 1582 858 1623 c
905 1585 1011 1641 per
1056 1566 1323 1623 centrum
1368 1564 1469 1621 ubi
1508 1567 1599 1623 est
1632 1564 1836 1623 littera
1873 1583 1914 1622 A
1950 1564 2109 1624 linea
2144 1585 2274 1641 per-

263 1653 533 1728 ducatur,
568 1653 675 1712 ubi
711 1654 827 1712 erit
862 1653 1004 1713 solis
1042 1653 1492 1729 aequinoctialis
1529 1653 1748 1711 radius
1820 1656 1963 1712 tunc
2000 1672 2036 1711 a
2074 1656 2275 1714 centro

146 1754 238 1805 (10)
258 1741 496 1801 diducto
544 1742 761 1801 circino
810 1743 884 1800 ad
924 1737 931 1819 Ι
972 1742 1194 1800 lineam
1237 1742 1527 1817 planitiae
1573 1742 1962 1817 aequilatatio
2010 1742 2277 1819 signetur

257 1830 363 1887 ubi
408 1831 523 1889 erit
566 1831 770 1889 littera
815 1850 853 1887 Ε
901 1829 1263 1889 sinisteriore
1307 1833 1480 1905 parte
1527 1828 1590 1889 et
1629 1846 1653 1885 1
1699 1830 2026 1891 dexteriore
2071 1832 2134 1888 in
2181 1849 2275 1889 ex-

255 1918 461 1978 tremis
525 1919 718 1978 lineae
782 1918 1209 1993 circinationis,
1284 1921 1346 1978 et
1407 1938 1515 1996 per
1577 1922 1842 1979 centrum
1903 1919 2275 1996 perducenda

172 2029 229 2068 20
258 2005 517 2083 <linea>,
561 2011 631 2066 ut
678 2027 867 2084 aequa
912 2007 1029 2066 duo
1067 2007 1418 2084 hemicyclia
1454 2009 1575 2067 sint
1613 2009 1822 2069 divisa.
1893 2010 2040 2068 haec
2076 2004 2276 2068 autem

254 2095 414 2153 linea
462 2115 497 2154 a
541 2096 973 2156 mathematicis
1020 2097 1241 2155 dicitur
1282 2097 1542 2155 horizon.
1616 2097 1824 2156 deinde
1872 2098 2273 2158 circinationis
2311 2115 2346 2160 4

140 2197 234 2250 (15)
253 2185 439 2244 totius
486 2185 769 2244 sumenda
813 2204 953 2262 pars
999 2188 1089 2244 est
1134 2205 1230 2261 xv,
1272 2177 1281 2266 Ι
1322 2188 1385 2244 et
1420 2185 1620 2245 circini
1661 2189 1928 2245 centrum
1965 2188 2273 2247 conlocan-

254 2273 396 2330 dum
458 2273 521 2331 in
584 2274 742 2333 linea
805 2275 1205 2334 circinationis
1269 2294 1390 2350 quo
1454 2275 1570 2334 loci
1634 2279 1796 2335 secat
1859 2296 1990 2334 eam
2051 2277 2274 2335 lineam

254 2362 705 2442 aequinoctialis
775 2363 976 2422 radius
1048 2364 1152 2422 ubi
1225 2365 1339 2422 erit
1399 2365 1605 2423 littera
1667 2384 1721 2439 r,
1795 2367 1856 2423 et
1919 2365 2274 2442 signandum

170 2472 226 2513 25
257 2451 462 2509 dextra
510 2470 577 2511 ac
621 2452 863 2511 sinistra
906 2452 1009 2511 ubi
1054 2455 1197 2511 sunt
1240 2453 1478 2511 litterae
1526 2471 1640 2512 GH.
1715 2453 1923 2512 deinde
1972 2454 2044 2511 ab
2088 2454 2182 2512 his

340 2541 531 2598 lineae
577 2559 766 2616 usque
813 2541 888 2600 ad
931 2542 1151 2600 lineam
1196 2541 1483 2616 planitiae
1524 2541 1929 2617 perducendae
1967 2544 2124 2615 sunt,
2169 2542 2270 2600 ubi

254 2632 427 2688 erunt
489 2629 726 2688 litterae
790 2649 895 2689 ΤΒ.
977 2630 1065 2688 ita
1128 2629 1241 2688 erit
1304 2629 1445 2689 solis
1509 2630 1711 2689 radius
1775 2650 1929 2688 unus
1992 2631 2271 2690 hibernus

394 2823 430 2871 4
466 2835 600 2873 vmr.
630 2816 770 2871 EG.
812 2819 819 2886 Ι
862 2818 987 2870 octo
1030 2833 1168 2871 enae
1204 2818 1280 2888 (e)
1316 2835 1371 2871 x.
1415 2819 1423 2886 Ι
1465 2816 1855 2871 describantur
1889 2815 2192 2886 inplanitia
2229 2817 2276 2870 δε

254 2887 476 2942 emedia
511 2887 835 2958 prosorthas
874 2887 964 2958 (H
1005 2930 1023 2955 ,
1058 2887 1291 2957 poi-thas
1320 2887 1464 2958 EG)
1500 2906 1555 2942 cc.
1585 2889 1604 2956 ΙΙ
1632 2893 1663 2940 6
1701 2906 1754 2956 q.
1794 2888 1902 2942 erit
1935 2886 2202 2958 planities
2235 2905 2277 2941 x

251 2960 411 3028 (qen,
445 2966 509 3014 ut
558 2957 819 3014 materies
849 2976 911 3028 p.
942 2961 1140 3026 58,24.
1180 2963 1377 3025 60,12.
1451 2958 1682 3014 notities
1713 2977 1771 3029 p.
1802 2963 1929 3026 133,
1949 2965 1998 3014 9.
2073 2961 2144 3014 cf.
2183 2976 2271 3028 ap.

257 3031 392 3085 Gen.
417 3035 469 3098 9,
488 3035 559 3084 14
605 3031 753 3101 Very.
781 3047 958 3110 yeorq.
988 3035 1041 3097 1,
1058 3031 1210 3097 208).
1248 3031 1267 3099 ΙΙ
1305 3035 1335 3083 7
1375 3029 1570 3084 circini
1599 3030 1666 3084 H
1674 3031 1743 3097 G,
1780 3029 1931 3085 circi-1
1959 3029 2013 3085 S.
2049 3033 2056 3100 Ι
2091 3031 2274 3084 deme-

252 3099 469 3154 tiantur
502 3117 558 3154 ω.
615 3103 633 3170 ΙΙ
687 3105 720 3154 8
767 3103 947 3170 part1s
989 3102 1064 3156 G:
1113 3102 1222 3154 -tes
1262 3100 1390 3155 HS.
1445 3102 1464 3169 ΙΙ
1517 3105 1549 3153 9
1588 3103 1721 3170 (non
1760 3107 1846 3170 17)
1886 3102 2127 3155 deducto
2162 3119 2218 3156 x.

253 3171 481 3224 ablinea
514 3171 759 3240 planitia
793 3190 849 3226 cc.
904 3175 923 3241 ΙΙ
980 3177 1043 3225 11
1084 3189 1137 3239 q.
1178 3189 1219 3226 s.
1257 3171 1564 3240 inplanitia
1599 3190 1654 3227 x.
1701 3175 1720 3242 ΙΙ
1767 3179 1832 3226 13
1871 3189 1984 3240 qua
2020 3173 2108 3226 est
2141 3172 2219 3226 H.

255 3245 321 3293 18
378 3241 604 3297 littera.
628 3259 691 3296 e.
732 3243 868 3299 HS:
927 3259 974 3297 .e
996 3241 1223 3296 ‚littera
1261 3243 1329 3298 G.
1391 3246 1400 3312 Ι
1456 3261 1510 3312 p.
1558 3245 1617 3297 et
1665 3242 1798 3297 inde
1852 3242 2116 3297 alteriore
2161 3259 2216 3297 ω.
2255 3245 2263 3314 Ι

255 3316 321 3364 19
358 3311 524 3366 lineis
561 3330 609 3367 c.
646 3332 687 3369 ω
724 3315 814 3382 (cf.
846 3332 908 3384 p.
936 3317 1067 3382 235,
1086 3316 1157 3381 3).
1203 3315 1212 3384 Ι
1257 3313 1558 3385 pducendn
1594 3316 1659 3368 ut
1693 3332 1748 3368 ω.
1794 3316 1812 3383 ΙΙ
1859 3318 1924 3366 21
1963 3312 2116 3367 linea
2149 3313 2273 3370 GS:

251 3379 403 3435 linea
440 3384 517 3438 Η.
571 3385 579 3455 Ι
627 3384 906 3452 Ιιοτιξκοη
942 3385 1032 3453 Η,
1067 3383 1299 3438 horizon
1340 3385 1415 3439 G:
1463 3384 1654 3439 orizon
1690 3385 1742 3440 S.
1798 3387 1818 3454 ΙΙ
1872 3390 1938 3437 22
1980 3401 2080 3439 .xv.
2119 3385 2186 3437 H
2197 3384 2273 3440 G:

254 3471 365 3507 .x11.
394 3451 450 3507 S.
505 3457 524 3525 ΙΙ
579 3461 645 3508 23
684 3451 795 3524 qu'o
832 3457 909 3512 G:
950 3456 1101 3525 quod
1137 3455 1235 3526 (qd
1261 3456 1327 3526 S)
1361 3456 1485 3510 HS.
1541 3458 1560 3526 ss
1615 3461 1684 3509 24
1719 3475 1776 3510 r:
1818 3473 1880 3509 .0.
1918 3472 1973 3509 τε.
2028 3456 2046 3523 ΙΙ
2101 3459 2168 3508 25
2207 3471 2276 3509 ac

250 3540 355 3578 om.
385 3541 438 3578 α’.
473 3528 481 3595 1
516 3525 587 3578 ab
626 3525 714 3580 his
751 3526 915 3582 lineis
955 3545 1007 3581 u.
1047 3547 1085 3582 a:
1124 3529 1259 3597 (scil.
1298 3527 1371 3581 ab
1408 3526 1496 3580 his
1537 3530 1593 3581 et
1631 3544 1665 3580 a
1703 3528 1891 3580 centro
1928 3529 2000 3594 A).
