2664 3927
830 205 926 259 DE
965 201 1524 259 ARCHITECTURA
1557 205 1689 260 LIB.
1725 205 1794 274 X,
1831 211 1862 258 2
2228 207 2358 272 243

214 365 329 422 246
483 349 491 439 Ι
521 357 736 432 Itaque
780 355 1131 431 incipiemus
1179 355 1250 414 de
1295 355 1347 414 is
1396 361 1547 431 quae
1583 375 1718 416 raro
1754 358 2002 415 veniunt
2038 357 2112 414 ad
2148 377 2358 418 manus

341 449 412 505 ut
457 449 601 504 nota
637 447 760 505 sint
796 445 1104 520 explicare.
1174 444 1555 520 primumque
1590 445 1971 504 instituemus
2009 446 2081 504 de
2117 447 2167 506 is
2207 467 2357 523 quae
2384 457 2437 510 H

343 535 584 594 aedibus
633 535 814 594 sacris
860 533 939 591 ad
983 550 1345 608 operumque
1389 532 1767 609 publicorum
1802 535 2224 609 perfectionem
2258 557 2357 596 ne-

301 619 306 624 ’
342 625 616 684 cessitate
655 624 1090 698 comparantur,
1128 641 1281 697 quae
1317 621 1472 680 fiunt
1507 623 1611 681 ita.
1656 623 1829 700 tigna
1860 623 1978 682 duo
2007 624 2084 682 ad
2114 644 2359 684 onerum

290 732 314 773 5
347 705 355 795 Ι
385 710 858 790 magnitudinem
913 711 1146 769 ratione
1194 710 1609 786 expediuntur.
1704 731 1739 768 a
1798 711 1993 788 capite
2054 731 2124 772 ea
2176 713 2357 774 fibula

341 802 655 861 coniuncta
702 803 762 859 et
804 800 869 858 in
912 799 1032 858 imo
1080 797 1411 859 divaricata
1446 801 1775 878 eriguntur,
1818 799 2057 860 funibus
2095 802 2159 860 in
2197 804 2355 878 capi-

338 891 498 950 tibus
546 889 866 948 conlocatis
914 891 974 947 et
1018 887 1174 947 circa
1218 887 1523 964 dispositis
1572 892 1765 948 erecta
1802 891 2147 950 retinentur.
2225 893 2355 950 alli-

342 981 521 1056 gatur
573 979 637 1037 in
683 995 910 1036 summo
946 978 1197 1050 troclea,
1253 997 1429 1052 quem
1475 977 1654 1036 etiam
1700 980 1974 1037 nonnulli
2017 981 2356 1038 rechamum

341 1067 595 1126 dicunt..
651 1066 717 1125 in
766 1067 1052 1124 trocleam
1105 1066 1395 1124 induntur
1446 1065 1698 1125 orbiculi
1751 1061 1882 1144 <11>
1934 1087 2041 1144 per
2092 1069 2355 1128 axiculos

260 1176 314 1214 10
339 1157 700 1215 versationes
746 1154 1046 1213 habentes,
1089 1150 1096 1233 Ι
1136 1174 1243 1231 per
1273 1154 1619 1213 ‘orbiculum
1663 1150 2045 1235 <summum>
2080 1158 2358 1216 traicitur

340 1243 646 1304 ductarius
690 1243 870 1322 funis,
918 1242 1126 1302 deinde
1174 1242 1509 1302 demittitur
1545 1246 1605 1302 et
1638 1243 1975 1302 traducitur
2010 1247 2165 1304 circa
2202 1246 2356 1304 orbi-

341 1335 542 1393 culum
599 1334 854 1393 trocleae
909 1332 1222 1390 inferioris
1314 1333 1569 1391 refertur
1626 1335 1828 1390 autem
1887 1333 1963 1391 ad
2024 1333 2357 1393 orbiculum

338 1422 525 1482 imum
581 1423 840 1482 trocleae
903 1421 1226 1496 superioris
1283 1424 1345 1479 et
1398 1421 1485 1478 ita
1540 1420 1841 1480 descendit
1895 1422 1972 1479 ad
2015 1421 2357 1481 inferiorem

340 1515 400 1570 et
451 1513 516 1569 in
567 1511 858 1570 foramine
903 1512 1031 1569 eius
1076 1510 1384 1586 religatur.
1467 1510 1667 1592 ⁸altera
1712 1527 1850 1586 pars
1896 1510 2057 1569 funis
2104 1512 2357 1569 refertur

259 1617 310 1659 15
337 1601 494 1658 inter
537 1600 688 1660 imas
732 1599 1040 1658 machinae
1083 1601 1304 1673 partes.
1376 1598 1441 1655 in
1478 1599 1719 1674 quadris
1758 1601 1961 1657 autem
2001 1594 2009 1678 Ι
2049 1598 2355 1676 tignorum
2391 1617 2423 1665 2

336 1683 790 1765 posterioribus,
845 1707 963 1764 quo
1008 1687 1126 1746 loci
1169 1690 1312 1746 sunt
1357 1687 1711 1762 divaricata,
1757 1685 2026 1764 figuntur
2070 1689 2355 1764 chelonia,

336 1781 400 1835 in
446 1797 600 1854 quae
647 1776 984 1836 coiciuntur
1029 1777 1370 1835 sucularum
1416 1776 1615 1851 capita
1650 1779 1723 1834 ut
1757 1775 2019 1836 faciliter
2054 1795 2190 1836 axes
2228 1797 2355 1836 ver-

338 1869 559 1925 sentur.
635 1884 737 1924 eae
783 1865 1024 1924 suculae
1068 1864 1334 1939 proxime
1380 1865 1578 1940 capita
1621 1864 1846 1923 habent
1885 1864 2180 1924 foramina
2215 1866 2357 1926 bina

338 1956 426 2013 ita
461 1956 794 2031 temperata
828 1955 903 2011 ut
935 1956 1132 2013 vectes
1169 1954 1233 2012 in
1269 1973 1341 2012 ea
1378 1953 1687 2013 convenire
1724 1955 1969 2030 possint.
2044 1955 2118 2014 ad
2155 1955 2354 2015 recha-

259 2046 312 2101 2'0
337 2063 504 2102 mum
532 2047 734 2102 autem
760 2045 947 2101 imum
971 2044 1148 2101 ferrei
1173 2043 1405 2102 forfices
1432 2042 1783 2119 religantur,
1822 2062 2079 2119 quorum
2110 2036 2117 2126 Ι
2150 2045 2353 2104 dentes

338 2134 402 2190 in
453 2151 598 2191 saxa
649 2133 846 2191 forata
901 2132 1435 2191 accommodantur.
1528 2150 1663 2191 cum
1716 2135 1920 2191 autem
1971 2133 2131 2193 funis
2176 2132 2356 2193 habet

339 2223 523 2297 caput
574 2220 652 2279 ad
695 2221 967 2280 suculam
1009 2222 1328 2297 religatum
1375 2223 1435 2279 et
1478 2224 1675 2280 vectes
1722 2222 2003 2281 ducentes
2052 2241 2183 2280 eam
2226 2241 2353 2281 ver—

339 2313 500 2385 sant,
557 2310 717 2369 funis
777 2329 838 2369 se
896 2310 1251 2369 involvendo
1311 2311 1534 2368 circum
1587 2310 1860 2370 suculam
1915 2309 2249 2369 extenditur
2295 2313 2356 2369 et

338 2400 426 2458 ita
470 2398 746 2458 sublevat
782 2418 961 2457 onera
999 2399 1073 2457 ad
1109 2399 1488 2457 altitudinem
1524 2400 1584 2457 et
1619 2418 1867 2476 operum
1904 2400 2350 2458 conlocationes.

256 2507 310 2548 25
336 2488 483 2547 haec
538 2490 738 2546 autem
788 2489 944 2546 ratio
1003 2487 1461 2547 machinationis
1515 2489 1673 2563 quod
1726 2507 1835 2563 per
1884 2490 2006 2547 tres
2061 2488 2351 2547 orbiculos
2390 2503 2421 2551 3

230 2568 866 2659 (25)circum1volvitur,
919 2576 1234 2652 trispastos
1291 2577 1643 2653 appellatur.
1736 2595 1872 2636 cum
1923 2596 2063 2637 vero
2117 2578 2181 2635 in
2234 2578 2355 2635 ima

337 2667 562 2725 troclea
608 2666 724 2725 duo
771 2663 1037 2739 orbiculi,
1080 2664 1144 2722 in
1181 2666 1483 2740 superiore
1520 2669 1641 2724 tres
1676 2669 2005 2741 versantur,
2049 2665 2115 2723 id
2147 2667 2353 2742 penta·

198 2762 314 2821 247
339 2758 585 2831 spaston
631 2753 862 2813 dicitur.
905 2748 913 2831 Ι
955 2753 1048 2811 sin
1093 2757 1293 2813 autem
1336 2754 1659 2813 maioribus
1706 2753 1978 2813 oneribus
2024 2758 2197 2813 erunt
2229 2773 2353 2813 ma-

480 2929 507 2976 1
546 2922 636 2976 his
671 2940 727 2978 x.
783 2924 803 2995 ss
857 2928 890 2975 2
927 2921 1041 2975 sint
1068 2922 1132 2977 S:
1181 2924 1312 2975 sunt
1341 2923 1478 2977 HG.
1539 2924 1549 2993 Ι
1605 2922 1694 2976 his
1730 2940 1785 2977 x.
1840 2926 1861 2993 ΙΙ
1913 2929 1947 2976 4
1986 2923 2095 2977 duo
2133 2926 2250 2993 (sic)
2286 2940 2351 2979 ωε

335 2995 404 3062 cf.
426 2995 632 3050 Heron.
662 2996 823 3049 mech.
853 2994 1006 3048 arab.
1026 2994 1221 3049 Jomm.
1239 2994 1421 3049 Asiat.
1441 2998 1591 3075 18j93
1615 3006 1681 3054 ΙΙ,
1704 2998 1831 3049 486.
1860 2996 1880 3064 ΙΙ
1908 2999 1939 3048 5
1968 2992 2355 3076 magnitudine

341 3065 392 3119 G
427 3072 478 3121 et
513 3068 660 3135 (amte
695 3068 827 3135 raa)
855 3065 1050 3146 δι’-116
1088 3064 1234 3146 HSf.
1269 3066 1277 3135 Ι
1311 3082 1345 3119 a
1384 3067 1569 3135 capite
1606 3065 1817 3119 afibula
1850 3083 1905 3121 x.
1948 3068 1968 3135 ΙΙ
2010 3070 2039 3119 7
2080 3066 2355 3135 dispos1ta

338 3139 483 3206 (wnte
509 3138 671 3205 corr.)
703 3137 768 3192 G.
805 3136 814 3203 1
847 3135 1155 3220 alligantur
1190 3153 1252 3188 in
1283 3152 1499 3189 summo
1526 3136 1771 3191 trocleae
1800 3138 1877 3209 (⁴2
1906 3136 1973 3206 S)
2003 3152 2147 3205 quae
2176 3138 2251 3205 (q,
2282 3136 2353 3203 G,

337 3224 445 3347 333
477 3206 630 3347 ῗιῖῗ)
663 3209 1261 3347 15⁶9(²1‘321u²13¹32t3ffl⁰5
1303 3210 1498 3333 Ξοὲἶὶἷ.
1529 3206 2231 3349 ἑῗθῖθιῗεὲζῖὲηίῗῒηῗ
2250 3224 2354 3350 ἔῖ,

340 3354 402 3401 11
444 3348 753 3430 dimittitur
781 3350 847 3405 G.
889 3352 908 3420 ΙΙ
950 3355 1016 3403 12
1053 3348 1343 3431 inferiores
1378 3350 1528 3431 §ante
1563 3353 1723 3420 corr.)
1750 3350 1828 3404 Η.
1874 3352 1894 3418 ΙΙ
1940 3354 2008 3402 14
2042 3348 2353 3430 religantur

335 3437 392 3474 x.
429 3421 450 3488 ΙΙ
487 3424 552 3473 15
588 3422 879 3474 interimas
907 3420 1188 3491 H⁰(LP):
1224 3421 1453 3475 interim
1486 3420 1591 3474 has
1618 3421 1689 3475 H
1691 3420 1736 3475 S
1744 3421 1808 3475 G.
1837 3421 1857 3490 ΙΙ
1886 3424 1953 3472 16
1988 3418 2214 3474 heloma
2248 3436 2305 3474 x.
2332 3418 2356 3493 ΙΙ

335 3489 542 3631 12)ξεὶιέῙῖ
580 3507 657 3617 gc
694 3491 748 3546 S.
802 3493 823 3561 u
875 3496 943 3546 23
982 3508 1040 3546 se
1078 3508 1178 3547 om.
1215 3510 1271 3548 x.
1325 3494 1347 3563 ΙΙ
1400 3497 1467 3545 27
1503 3493 1703 3561 pentas
1740 3492 1945 3561 paston
1982 3490 2111 3559 HS,
2154 3492 2353 3561 pentes

1928 3651 2031 3703 16*
