2664 3927
851 165 947 219 DE
985 163 1547 219 ARCHITECTURA
1580 164 1714 220 LIB.
1753 165 1805 218 V
2215 165 2337 228 101

205 433 321 490 103
976 415 1240 480 LIBER
1287 414 1687 492 QUINTUS.

458 582 572 652 Qui
619 582 1004 659 amplioribus
1049 581 1479 657 voluminibus,
1529 584 1871 658 imperator,
1916 583 2142 658 ingenii
2188 583 2343 658 cogi-
2384 598 2413 645 1

321 674 580 732 tationes
634 674 1070 748 praeceptaque
1118 671 1584 746 explicaverunt,
1638 672 1924 730 maximas
1973 673 2033 729 et
2079 672 2344 748 egregias

325 763 665 820 adiecerunt
729 761 850 819 suis
917 760 1153 834 scriptis
1220 761 1622 819 auctoritates.
1715 760 1874 836 quod
1930 761 2112 818 etiam
2164 759 2346 818 velim

271 872 296 912 5
323 851 543 909 nostris
585 845 592 928 Ι
637 867 871 924 quoque
917 849 1129 906 studiis
1175 867 1268 906 res
1313 851 1637 924 pateretur,
1681 852 1751 908 ut
1788 837 2345 924 amplificationibus

326 939 648 997 auctoritas
697 941 758 996 et
801 939 866 994 in
910 937 1002 996 his
1048 935 1386 1012 praeceptis
1433 940 1772 1014 augeretur,
1826 938 1927 996 sed
1982 937 2046 995 id
2090 956 2210 996 non
2256 940 2347 996 est

326 1027 822 1103 quemadmodum
875 1029 1125 1101 putatur
1179 1025 1535 1100 expeditum.
1634 1045 1755 1084 non
1811 1029 1969 1085 enim
2022 1027 2094 1084 de
2160 1027 2345 1084 archi-

323 1119 556 1175 tectura
613 1117 696 1174 sic
751 1115 1030 1174 scribitur
1072 1116 1166 1172 uti
1218 1115 1471 1172 historia
1527 1117 1631 1172 aut
1679 1119 1971 1190 poemata.
2063 1115 2348 1175 historiae

324 1225 432 1281 per
467 1223 531 1263 se
567 1207 772 1263 tenent
806 1205 1073 1262 lectores.
1146 1203 1369 1261 habent
1406 1203 1562 1261 enim
1598 1221 1885 1262 novarum
1920 1223 2117 1262 rerum
2152 1205 2347 1262 varias

245 1316 299 1354 10
327 1295 780 1369 expectationes.
872 1283 1301 1374 poema'torum
1346 1311 1487 1352 vero
1532 1281 1727 1349 metra
1770 1295 1830 1350 et
1883 1291 2061 1367 pedes
2110 1310 2176 1351 ac
2220 1312 2348 1351 ver-

323 1383 534 1444 borum
589 1383 826 1460 elegans
881 1382 1194 1457 dispositio
1251 1385 1311 1439 et
1376 1382 1806 1440 sententiarum
1858 1381 2017 1438 inter
2066 1399 2348 1456 personas

327 1471 636 1530 distinctas
677 1473 752 1529 ad
777 1489 1016 1531 versum
1051 1471 1461 1546 pronuntiatio
1498 1470 1883 1545 prolectando
1922 1487 2125 1528 sensus
2153 1470 2351 1546 legen-

322 1562 475 1618 tium
519 1561 791 1636 perducit
835 1563 962 1618 sine
1009 1560 1232 1618 offensa
1279 1558 1355 1616 ad
1408 1577 1697 1618 summam
1743 1560 2098 1634 scriptorum
2149 1560 2349 1616 termi-

322 1651 641 1710 nationem.
713 1649 776 1707 id
823 1652 1024 1707 autem
1069 1649 1132 1705 in
1179 1648 1608 1723 architecturae
1654 1647 2183 1723 conscriptionibus
2230 1665 2350 1709 non
2386 1661 2419 1709 2

153 1796 160 1804 ,
245 1758 298 1798 15
324 1742 525 1814 potest
577 1739 732 1813 fieri,
787 1737 947 1813 'quod
995 1737 1284 1797 vocabula
1342 1757 1411 1818 ei<
1467 1738 1611 1794 artis
1654 1731 1661 1814 Ι
1702 1737 1944 1812 propria
1998 1737 2350 1794 necessitate

327 1830 610 1902 concepta
645 1829 992 1886 inconsueto
1029 1844 1295 1884 sermone
1325 1825 1589 1884 obiciunt
1616 1825 1883 1884 sensibus
1914 1825 2349 1884 obscuritatem.

329 1933 462 1974 cum
516 1934 656 1993 ergo
711 1935 780 1974 ea
834 1934 942 1991 per
995 1933 1057 1975 se
1110 1935 1232 1975 non
1282 1915 1404 1974 sint
1451 1916 1657 1991 aperta
1702 1933 1809 1974 nec
1854 1916 2103 1990 pateant
2149 1932 2351 1973 eorum

327 2007 391 2061 in
455 2005 876 2063 consuetudine
939 2006 1240 2078 nomina,·
1277 2006 1409 2063 tum
1474 2005 1654 2063 etiam
1715 2006 2166 2080 praeceptorum
2228 2004 2351 2061 late

328 2096 614 2169 vagantes
655 2095 1000 2168 scripturae,
1047 2091 1108 2151 si'
1143 2112 1264 2151 non
1301 2093 1730 2152 contrahantur
1765 2096 1826 2151 et
1861 2094 2066 2168 paucis
2114 2095 2175 2151 et
2218 2111 2349 2167 per-

245 2203 299 2242 20
327 2182 540 2241 lucidis
606 2183 914 2241 sententiis
981 2182 1371 2257 explicentur,
1435 2183 1771 2257 frequentia
1833 2173 2351 2263 multitudineffque

329 2273 614 2331 sermonis
641 2271 981 2346 inpediente
1008 2272 1264 2329 incertas
1301 2271 1628 2349 legentium
1656 2270 1914 2329 efficient
1941 2271 2350 2349 cogita-tiones.

325 2362 531 2436 itaque
596 2360 858 2419 occultas
931 2361 1365 2419 nominationes
1430 2362 1914 2435 commensusque
1979 2379 2010 2417 e
2072 2358 2349 2417 membris

328 2468 575 2525 operum
625 2449 1044 2525 pronuntians,
1099 2452 1169 2507 ut
1212 2449 1530 2506 memoriae
1574 2448 1907 2523 tradantur,
1950 2448 2211 2506 breviter
2256 2466 2349 2506 ex-

327 2558 562 2614 ponam.
650 2539 734 2596 sic
781 2538 938 2595 enim
984 2537 1313 2613 expeditius
1362 2557 1432 2595 ea
1476 2538 1735 2612 recipere
1777 2539 2061 2613 poterunt
2105 2539 2350 2595 menteS.

247 2646 299 2687 25
325 2646 446 2685 non
489 2627 685 2685 minus
733 2645 867 2685 cum
914 2626 1462 2685 animadvertissem
1498 2626 1820 2685 distentam
1867 2625 2349 2701 occupationibus
2388 2638 2423 2686 3

219 2707 340 2797 (²5)l
373 2717 678 2775 civitatem
739 2714 993 2791 publicis
1059 2718 1120 2773 et
1170 2715 1423 2790 privatis
1478 2715 1761 2791 negotiis,
1823 2715 2029 2789 paucis
2092 2715 2352 2773 iudicavi

329 2804 715 2879 scribendum,
761 2806 853 2863 uti
901 2806 1153 2881 angusto
1200 2806 1395 2879 spatio
1433 2804 1751 2863 vacuitatis
1800 2823 1869 2861 ea
1912 2804 2176 2881 legentes
2222 2803 2349 2861 bre-

325 2896 482 2952 viter
525 2895 827 2969 percipere
872 2896 1132 2968 possent.

470 3157 504 3204 4
539 3149 712 3205 velim
738 3152 890 3205 Nohl
928 3152 1018 3219 (cf.
1040 3168 1100 3219 p.
1131 3154 1202 3203 53
1207 3152 1361 3218 ‚220)
1400 3149 1493 3203 vel
1529 3152 1594 3220 (1)
1630 3149 1692 3203 in
1728 3168 1782 3205 ω.
1812 3152 1831 3221 ΙΙ
1860 3156 1926 3204 10
1962 3153 2352 3231 poematorum

325 3238 459 3276 vero
490 3221 801 3275 carminum
829 3224 1082 3276 meti-ax.
1111 3223 1131 3291 ss
1160 3192 1225 3273 12’
1256 3219 1551 3276 distinctas
1578 3238 1837 3275 versuum
1858 3240 1911 3276 α’.
1947 3221 1956 3293 Ι
1986 3220 2351 3290 proiectando

328 3300 456 3347 ante
492 3310 628 3348 corr.
661 3293 728 3347 G.
767 3294 786 3361 ΙΙ
824 3298 889 3345 17
929 3308 1061 3362 ergo
1099 3308 1168 3346 ea
1195 3292 1330 3346 HS:
1376 3307 1444 3345 ea
1481 3308 1613 3361 ergo
1646 3293 1711 3348 G.
1756 3294 1775 3362 ΙΙ
1818 3297 1883 3345 18
1922 3291 2039 3345 late
2075 3294 2351 3358 vagantes

329 3364 518 3433 G(S⁶)·
583 3363 704 3417 lata
769 3365 1074 3433 evagantes
1131 3364 1200 3417 Η
1256 3370 1307 3418 et
1371 3370 1499 3417 ante
1560 3380 1695 3419 corr.
1754 3363 1907 3432 (latae
1961 3362 2165 3434 {dvagQ
2222 3362 2353 3435 841

332 3458 397 3577 1t9
426 3452 836 3591 (οοῐῗὺιέὶιθιιὺιπ
869 3470 923 3506 x.
979 3454 998 3521 ss
1053 3456 1118 3505 25
1165 3467 1276 3505 non
1323 3454 1424 3505 aut
1458 3450 1642 3505 minus
1672 3452 1768 3521 511
1802 3468 1868 3503 cu
1902 3450 2049 3521 GQSc
2049 3453 2093 3520 ):
2134 3468 2259 3503 eum
2290 3450 2359 3503 H

329 3540 356 3577 e
446 3540 514 3577 eu
1590 3560 1595 3565 .
