2664 3927
368 178 493 242 188
1209 177 1539 232 VITRUVlI

365 327 695 387 lambentes
734 329 997 404 eripiunt
1032 346 1267 387 umores
1308 330 1368 385 et
1403 327 1492 385 ita
1530 346 1628 386 eos
1657 327 2024 403 profundunt
2053 327 2129 385 ad
2159 330 2420 402 septen-

364 417 647 476 trionales
693 418 978 494 regiones.
1273 428 1276 433 ·
1843 478 1848 481 ,

502 498 511 588 Ι
550 506 716 565 Haec
764 509 963 564 autem
1019 507 1103 564 sic
1155 505 1285 563 fieri
1338 504 1680 563 testimonio
1724 508 1976 580 possunt
2021 523 2146 563 esse
2193 505 2537 579 capitano)

366 596 690 670 fluminum,
737 614 890 669 quae
937 594 1074 653 orbe
1118 597 1414 651 terrarum
1451 593 1894 670 chorographiis
1930 594 2095 668 picta
2128 594 2415 669 itemque

366 686 588 760 scripta
631 684 891 759 plurima
934 684 1311 758 maximaque
1348 684 1734 741 inveniuntur
1769 701 2005 759 egressa
2043 682 2118 740 ab
2157 685 2411 757 septen·
2445 704 2475 744 5

364 776 571 833 trione.
644 774 1019 848 primumque
1064 772 1127 829 in
1170 771 1346 830 India
1393 769 1628 847 Ganges
1675 773 1736 829 et
1779 770 1962 829 Indus
2009 770 2083 829 ab
2127 770 2412 830 Caucaso

364 864 565 920 monte
632 862 931 936 oriuntur,
997 860 1171 936 Syria
1226 860 1424 937 Tigris
1479 863 1540 919 et
1591 860 1955 935 Euphrates,
2008 860 2187 918 Asiae
2247 858 2413 919 item

364 951 559 1009 Ponto
596 941 1011 1031 Borylsthenes
1048 949 1321 1025 Hypanis
1362 949 1598 1023 Tanais,
1648 948 1880 1008 Colchis
1917 949 2145 1023 Phasis,
2194 947 2411 1007 Gallia
2433 962 2530 1013 (15)

366 1037 708 1113 Rhodanus,
757 1038 981 1097 Celtica
1024 1039 1283 1113 Rhenus,
1330 1038 1480 1096 citra
1515 1038 1700 1113 Alpes
1741 1038 2020 1097 Timavus
2067 1040 2128 1096 et
2172 1037 2410 1113 PaduS,

366 1127 549 1185 Italia
576 1127 824 1201 Tiberis,
850 1127 1156 1186 Maurusia
1184 1147 1364 1203 quam
1400 1128 1589 1185 nostri
1617 1127 2052 1185 Mauretaniam
2085 1127 2409 1202 appellant
2441 1150 2499 1187 ιο

370 1236 439 1275 ex
470 1220 670 1275 monte
697 1218 945 1275 Atlante
972 1217 1172 1292 DyriS,
1211 1216 1315 1291 qui
1353 1219 1519 1275 ortus
1559 1235 1628 1273 ex
1664 1216 2116 1290 septentrionali
2150 1217 2406 1292 regione

367 1305 744 1383 progreditur
770 1326 877 1382 per
905 1305 1268 1364 occidentem
1304 1305 1382 1363 ad
1418 1304 1614 1363 lacum
1644 1305 2031 1381 Eptagonum
2065 1307 2126 1364 et
2160 1308 2406 1365 mutato

368 1396 605 1454 nomine
644 1387 877 1477 diciitur
903 1394 1124 1471 Agger,
1158 1394 1371 1452 deinde
1410 1413 1480 1451 ex
1515 1393 1651 1451 lacu
1683 1393 1979 1468 Eptabolo
2019 1393 2125 1451 sub
2160 1397 2404 1453 montes
2429 1406 2519 1457 (20)

369 1485 629 1544 desertos
676 1476 1079 1565 sublterfluens
1125 1502 1232 1557 per
1276 1481 1604 1540 meridiana
1652 1482 1784 1541 loca
1833 1484 2038 1540 manat
2089 1485 2148 1541 et
2195 1482 2405 1541 influit
2428 1494 2544 1548 191

367 1574 431 1631 in
489 1573 769 1650 paludem
825 1590 977 1648 quae
1034 1571 1371 1646 appellatur
1673 1571 2081 1648 circumcingit
2133 1571 2404 1647 Meroen,
2435 1594 2490 1634 15

370 1663 528 1739 quod
566 1665 657 1721 est
681 1660 1043 1736 Aethiopum
1077 1660 1538 1719 meridianorum
1571 1679 1841 1736 regnum,
1880 1660 1953 1718 ab
1987 1660 2198 1735 hisque
2225 1660 2404 1735 palu-

369 1752 540 1810 dibus
588 1770 649 1809 se
696 1750 1095 1826 circumagens
1140 1768 1247 1824 per
1288 1749 1534 1807 flumina
1567 1749 1926 1808 Astasobam
1971 1752 2031 1807 et
2063 1748 2406 1808 Astoboam

370 1844 430 1898 et
466 1839 589 1898 alia
622 1839 797 1915 plura
831 1840 1103 1914 pervenit
1142 1834 1151 1916 Ι
1190 1858 1297 1913 per
1330 1841 1561 1896 montes
1601 1838 1676 1895 ad
1715 1840 2075 1896 cataractam
2102 1838 2178 1896 ab
2208 1857 2406 1913 eoque
2425 1852 2488 1900 (5)

370 1942 432 1988 se
477 1928 877 2004 praecipitans
921 1946 1029 2003 per
1074 1928 1532 2003 septentrionem
1576 1926 1850 2003 pervenit
1897 1927 2054 1986 inter
2094 1927 2405 2003 Elephan-

368 2018 499 2076 tida
546 2021 605 2076 et
652 2017 885 2092 Syenen
932 2016 1374 2092 Thebaicosque
1418 2017 1482 2074 in
1527 2011 1871 2093 Aegyptum
1917 2035 2152 2091 campos
2201 2019 2264 2075 et
2312 2017 2404 2076 ibi
2435 2041 2494 2078 20

371 2107 547 2165 Nilus
606 2105 957 2181 appellatur.
1050 2124 1119 2163 ex
1164 2105 1540 2164 Mauretania
1594 2108 1793 2164 autem
1849 2107 2028 2181 caput
2075 2105 2206 2163 Nili
2258 2125 2404 2180 pro-

370 2197 551 2253 fluere
618 2215 686 2252 ex
751 2212 819 2252 eo
882 2195 1135 2253 maxime
1202 2196 1576 2271 cognoscitur
1632 2195 1789 2269 quod
1845 2214 1914 2252 ex
1971 2195 2158 2253 altera
2221 2199 2404 2270 parte

454 2491 459 2496 ·
519 2475 546 2522 1
586 2469 842 2524 labentes
880 2487 935 2525 x.
982 2472 1001 2540 ΙΙ
1047 2475 1078 2524 5
1118 2469 1190 2522 ad
1238 2471 1675 2540 septentrionem
1713 2471 1812 2540 (—e)
1847 2487 1901 2525 ω.
1949 2472 1968 2540 ΙΙ
2013 2476 2044 2523 6
2085 2469 2156 2523 ab
2195 2471 2404 2540 (cauo.)

374 2575 443 2630 H
448 2576 589 2632 EG:
631 2591 666 2629 a
692 2576 745 2632 S.
774 2579 793 2644 ΙΙ
822 2583 851 2630 ’1
893 2575 1047 2630 asiae
1084 2579 1164 2632 sic
1200 2576 1354 2646 (asiae
1385 2578 1460 2645 E,
1495 2576 1614 2650 asie
1644 2577 1700 2645 S,
1739 2553 1858 2644 asse
1885 2603 1952 2622 =
1983 2576 2137 2631 asiae
2167 2576 2260 2644 6¹⁰)
2292 2595 2350 2632 x.
2389 2577 2399 2650 Ι

372 2666 512 2720 aem
539 2665 732 2736 swa->2
768 2665 920 2719 idem
950 2665 1159 2722 ΗΕΘ.
1189 2667 1207 2737 η
1236 2671 1267 2719 8
1306 2665 1535 2734 colchys
1564 2666 1709 2721 EG:
1753 2665 1979 2722 conchis
2008 2665 2090 2732 H,
2125 2649 2402 2719 thnchis

373 2737 418 2793 S
448 2740 494 2807 (t
531 2741 564 2793 ὃ
598 2755 772 2808 supra
801 2737 877 2793 ΘΟ
911 2739 949 2792 i.
979 2753 1021 2790 e.
1059 2736 1152 2791 vel
1190 2737 1471 2808 conchys).
1524 2739 1545 2807 ΙΙ
1597 2743 1628 2790 9
1669 2737 1824 2807 alpes
1855 2737 1982 2792 ES:
2023 2735 2167 2805 alpis
2195 2735 2264 2790 Η
2269 2736 2340 2793 G.

372 2809 617 2865 timauos
652 2827 708 2864 x.
766 2812 783 2879 ΙΙ
840 2814 908 2862 10
944 2807 1231 2863 maurusia
1270 2808 1406 2863 HS:
1453 2808 1770 2863 mam-assia
1807 2809 1890 2876 E,
1936 2806 2209 2872 marussia
2251 2807 2338 2862 Gc.

372 2880 785 2936 mauretaniam
806 2881 869 2933 H
876 2881 1020 2935 EG:
1048 2878 1452 2933 mauritaniam
1471 2879 1524 2934 S.
1553 2881 1574 2949 ΙΙ
1602 2884 1665 2932 11
1697 2879 1912 2933 atlante
1932 2878 2068 2933 HS:
2099 2877 2406 2933 anthlante

373 2953 435 3006 E
444 2953 511 3008 G.
544 2955 553 3023 Ι
586 2951 739 3020 dryis
777 2950 928 3020 (drys
957 2951 1043 3020 E)
1072 2970 1127 3005 x.
1155 2953 1174 3019 ΙΙ
1203 2957 1269 3005 12
1309 2953 1653 3020 eptagonum
1680 2957 1731 3005 et
1757 2953 1868 3021 (13)
1897 2949 2161 3020 eptabolo
2189 2951 2328 3020 (sic.)
2356 2969 2399 3004 ιε

373 3023 657 3092 (eptalobo
694 3023 784 3091 L).
840 3025 859 3090 ΙΙ
914 3026 979 3074 13
1029 3038 1202 3092 agger
1256 3023 1357 3088 (sic
1402 3023 1554 3077 codd.
1593 3039 1774 3076 omnes
1815 3025 1931 3077 nisi
1975 3022 2120 3091 quod
2171 3023 2235 3075 in

370 3111 555 3150 versus
608 3095 863 3150 omiserat
899 3093 966 3156 G,
1022 3095 1201 3162 suppl.
1246 3092 1339 3161 Ge)
1368 3119 1436 3139 =
1464 3108 1586 3162 ger,
1641 3091 1826 3163 niger,
1882 3091 2056 3164 nigris
2106 3091 2279 3161 (Ptin.
2323 3093 2392 3158 cf.

373 3166 451 3221 H.
481 3165 729 3234 Kiepert,
754 3163 883 3218 Alte
916 3163 1105 3235 Geoyr.
1134 3167 1281 3234 224).
1328 3166 1348 3233 ΙΙ
1395 3167 1461 3216 15
1499 3163 1820 3233 appellatur
1849 3161 2239 3232 circumcingit
2266 3162 2338 3214 H
2342 3163 2398 3218 ff

374 3238 523 3305 (post
577 3253 703 3306 app.
744 3241 1016 3304 pwnctwm
1070 3236 1197 3290 add.
1237 3235 1464 3302 HcsE,
1509 3241 1576 3301 ÷f÷
1609 3235 1784 3304 supi-a
1815 3240 2087 3306 pumctum
2131 3233 2258 3288 add.
2297 3233 2400 3300 Ec,

374 3308 557 3362 albwm
608 3307 832 3377 reliqwct
866 3306 935 3374 S)
964 3348 973 3358 .
1001 3305 1167 3360 Coloe
1220 3307 1399 3378 suppl.
1447 3307 1742 3360 Iocundus.
1797 3308 1816 3376 ΙΙ
1872 3310 1958 3386 17ῠ
1991 3303 2396 3358 hastansobam

374 3395 454 3462 (-a
484 3395 549 3463 S)
580 3395 709 3463 HS,
736 3393 1081 3448 astansoban
1107 3394 1244 3448 EG.
1278 3397 1286 3464 Ι
1320 3394 1655 3448 adstoboam
1680 3412 1721 3448 x
1747 3396 1860 3464 (sed
1887 3393 2218 3461 adstoboam
2246 3389 2353 3460 GC).
2375 3393 2396 3463 Ἰ

376 3470 442 3516 19
486 3465 1052 3545 εθΡὺθηὴτίοῃαΙθηιῷ)
1088 3483 1130 3518 ω
1165 3467 1254 3534 (cf.
1286 3483 1346 3533 p.
1377 3469 1499 3532 144,
1518 3468 1609 3520 27.
1650 3468 1832 3533 25,1).
1877 3468 1896 3535 ΙΙ
1943 3469 2010 3518 20
2047 3479 2256 3518 suenen
2289 3479 2346 3518 x.
2379 3465 2390 3536 Ι

375 3536 570 3604 egypti
598 3536 651 3590 S.
705 3539 726 3604 ΙΙ
780 3542 846 3589 21
883 3535 1225 3590 mauritania
1253 3535 1320 3590 S.-
1356 3538 1374 3605 ΙΙ
1420 3542 1487 3589 22
1525 3553 1592 3590 ex
1629 3553 1730 3592 om,
1759 3535 1814 3593 S.
