2664 3927
346 188 477 251 212
1194 187 1524 242 VITRUVII

346 338 585 399 modum
639 339 703 397 in
754 338 961 397 multis
1014 337 1189 397 rebus
1246 341 1305 396 et
1359 338 1648 397 mensuris
1697 341 1786 397 est
1830 338 2027 413 utilis,
2082 340 2262 397 etiam
2312 339 2379 397 in

348 427 627 487 aedificiis
676 428 968 487 scalarum
1013 426 1520 486 aedificationibus
1567 428 1658 485 uti
1703 430 2065 503 temperatas
2111 427 2378 487 habeant

275 532 307 579 8
345 517 637 594 graduum
687 516 1034 575 librationes
1090 518 1181 574 est
1226 507 1536 597 exlpedita.
1628 516 1680 574 si
1726 515 1883 575 enim
1929 515 2188 576 altitudo
2233 536 2376 576 con-
2399 526 2488 579 (25)

343 606 698 683 ‘signationis
754 605 828 664 ab
884 624 1116 663 summa
1162 604 1508 663 coaxatione
1549 600 1558 683 Ι
1600 604 1676 664 ad
1719 604 1907 663 imum
1950 604 2378 665 libramentum
2398 613 2518 670 215

344 696 537 755 divisa
580 694 766 754 fuerit
809 694 875 751 in
917 696 1118 769 partes
1162 696 1311 767 tres,
1369 694 1484 753 erit
1527 713 1732 752 earum
1778 694 2041 771 quinque
2086 695 2150 753 in
2195 696 2376 755 scalis
2407 714 2438 755 5

346 802 659 861 scaporum
701 784 861 841 iusta
905 782 1281 859 longitudine
1326 782 1656 859 inclinatiO,
1691 778 1869 861 <uti>
1905 803 2086 859 quam
2119 803 2379 862 magnae

344 873 573 931 fuerint
615 873 773 930 inter
816 872 1323 948 contignationem
1369 874 1430 930 et
1473 873 1662 930 imum
1706 871 2131 931 libramentum
2167 873 2377 933 altitu-

346 961 501 1020 dinis
563 964 765 1036 partes
827 963 976 1036 treS,
1041 963 1326 1036 quattuor
1392 981 1427 1019 a
1481 961 1904 1037 perpendiculo
1958 954 2256 1044 reccidant
2314 967 2378 1022 et
2398 970 2464 1023 (5)

345 1050 431 1108 ibi
486 1050 866 1109 conlocentur
920 1050 1228 1109 inferiores
1284 1049 1473 1109 calces
1527 1068 1856 1126 scaporum.
1943 1052 2033 1109 ita
2083 1053 2135 1111 si
2181 1055 2378 1127 erunt,

346 1141 714 1215 temperatae
770 1142 831 1197 et
884 1138 1175 1216 graduum
1230 1142 1290 1197 et
1342 1140 1608 1215 ipsarum
1661 1139 1954 1201 scalarum
2009 1143 2184 1198 erunt
2235 1160 2376 1201 con·
2410 1161 2463 1198 10

350 1227 691 1287 locationes.
781 1229 930 1286 item
974 1229 1100 1287 eius
1144 1229 1233 1286 rei
1278 1229 1394 1286 erit
1439 1228 1772 1304 subscripta
1815 1229 2024 1287 forma.

276 1332 307 1379 9
480 1315 851 1377 Archimedis
897 1336 1036 1376 vero
1085 1335 1220 1375 cum
1264 1317 1457 1375 multa
1500 1317 1774 1377 miranda
1816 1317 2062 1377 inventa
2107 1321 2169 1377 et
2202 1320 2380 1378 varia.

344 1406 594 1482 fuerint,
653 1426 723 1465 ex
778 1406 1049 1464 omnibus
1106 1407 1290 1464 etiam
1342 1406 1577 1464 infinita
1631 1406 1899 1466 sollertia
1952 1407 2016 1466 id
2071 1407 2230 1483 quod
2277 1427 2377 1466 ex-

344 1514 563 1571 ponam
604 1490 612 1574 Ι
652 1495 891 1555 videtur
954 1513 1079 1553 esse
1144 1513 1499 1569 expressum.
1600 1496 1884 1553 nimirum
1945 1496 2129 1555 Hiero
2195 1496 2377 1571 Syra·
2398 1505 2491 1557 (1⁰)

347 1586 501 1644 cusis
576 1587 786 1643 auctus
857 1584 1025 1661 regia
1100 1584 1426 1659 potestate,
1500 1583 1678 1643 rebus
1751 1583 1900 1643 bene
1982 1586 2165 1661 gestis
2238 1604 2380 1645 cum
2410 1603 2464 1643 15

348 1693 590 1733 auream
653 1692 932 1732 coronam
994 1673 1263 1730 votivam
1325 1672 1440 1731 diis
1501 1672 1921 1731 inmortalibus
1983 1674 2049 1732 in
2113 1674 2378 1748 quodam

346 1764 489 1821 fano
528 1762 937 1822 constituisset
969 1760 1323 1837 ponendam,
1369 1762 1745 1837 manupretio
1781 1762 2006 1821 locavit
2038 1763 2380 1822 faciendam

346 1854 407 1909 et
457 1870 670 1910 aurum
715 1851 792 1909 ad
838 1869 1074 1910 sacoma
1122 1849 1406 1926 adpendit
1449 1852 1827 1927 redemptori.
1917 1853 1968 1910 is
2016 1852 2088 1909 ad
2134 1855 2378 1928 tempus

348 1959 496 2017 opus
531 1961 711 2000 manu
746 1940 975 2000 factum
1013 1939 1316 1999 subtiliter
1342 1940 1472 2017 regi
1511 1934 1520 2019 Ι
1563 1939 1916 2018 adprobavit
1943 1943 2004 2000 et
2031 1940 2106 2000 ad
2133 1960 2382 2002 sacoma
2400 1948 2496 2004 (1⁵)

246 2042 313 2091 10
351 2029 581 2106 pondus
638 2035 887 2090 coronae
940 2031 1103 2088 visus
1159 2031 1250 2088 est
1299 2028 1687 2104 praestitisse.
1777 2033 2166 2106 posteaquam
2219 2031 2380 2090 indi·
2413 2051 2470 2089 20

348 2119 507 2178 cium
566 2122 659 2178 est
715 2119 943 2176 factum
1003 2117 1243 2194 dempto
1305 2136 1448 2176 auro
1503 2119 1862 2177 tantundem
1916 2120 2147 2196 argenti
2200 2121 2265 2179 in
2310 2121 2382 2179 id

349 2207 721 2267 coronarium
768 2226 915 2282 opus
962 2206 1293 2265 admixtum
1339 2226 1484 2282 esse,
1527 2207 1872 2286 indignatus
1907 2208 2089 2267 Hiero
2136 2227 2197 2267 se
2235 2227 2380 2268 con-

346 2299 644 2372 temptum
692 2315 817 2354 esse
861 2315 1051 2371 neque
1096 2295 1406 2354 inveniens
1447 2315 1570 2372 qua
1617 2296 1849 2356 ratione
1894 2297 1957 2355 id
2001 2298 2227 2355 furtum
2274 2298 2381 2357 de-

350 2385 767 2462 prehenderet,
830 2385 1067 2462 rogavit
1121 2385 1516 2444 Archimeden
1574 2385 1666 2443 uti
1727 2376 2069 2468 inlsumeret
2131 2386 2244 2446 sibi
2299 2387 2382 2446 de
2404 2398 2498 2450 (²⁰)

350 2494 419 2533 eo
486 2473 924 2552 cogitationem.
1014 2475 1157 2532 tunc
1220 2473 1271 2532 is
1336 2492 1471 2532 cum
1532 2473 1776 2533 haberet
1831 2474 1958 2534 eius
2011 2475 2098 2534 rei
2153 2494 2384 2551 curam,
2415 2497 2474 2536 25

348 2581 493 2622 casu
538 2563 703 2622 venit
747 2563 813 2621 in
855 2563 1160 2621 balineum
1202 2562 1406 2637 ibique
1453 2582 1588 2622 cum
1624 2563 1690 2620 in
1725 2563 1939 2622 solium
1975 2563 2384 2641 descenderet,

350 2653 773 2711 animadvertit
820 2654 1109 2728 quantum
1154 2653 1416 2726 corporis
1463 2651 1558 2710 sui
1601 2651 1666 2709 in
1713 2671 1780 2710 eo
1816 2651 2101 2712 insideret
2135 2656 2386 2713 tantum

496 2843 527 2891 3
556 2838 887 2893 librationes
908 2839 972 2895 S:
1001 2838 1115 2892 -nis
1136 2838 1270 2892 HE
1280 2838 1346 2894 G.
1376 2840 1395 2908 ΙΙ
1421 2843 1456 2890 4
1484 2837 1815 2894 coaxatione
1835 2840 2025 2909 S(G⁰):
2055 2839 2386 2896 coaxitione

350 2909 560 2966 HEG.
616 2912 635 2979 11
690 2916 721 2964 5
760 2909 1007 2980 quinque
1041 2910 1180 2965 HS:
1221 2927 1287 2964 .v.
1316 2909 1456 2964 EG.
1513 2912 1618 3034 ibe
1654 2908 1808 2964 iusta
1843 2910 2197 2980 longitudine
2235 2913 2386 2970 HS:

351 2981 511 3034 iuxta
548 2979 961 3050 longitudinem
998 2984 1075 3050 (-e
1107 2983 1179 3050 G)
1208 2981 1346 3036 EG.
1380 2984 1389 3048 Ι
1420 2980 1514 3035 inc
1542 2980 1716 3035 ‘natio
1744 2998 1916 3050 quam
1941 3000 1996 3036 x.
2025 2985 2044 3052 ΙΙ
2071 2988 2104 3036 8
2131 2985 2247 3037 tres
2268 2984 2385 3054 (β’)

350 3052 621 3120 quattuor
646 3051 781 3107 HS:
822 3071 1017 3106 .m.11n.
1048 3053 1183 3109 ΕΘ.
1212 3055 1234 3122 ΙΙ
1260 3057 1292 3106 9
1328 3051 1622 3106 interiores
1658 3070 1714 3108 x.
1749 3053 1758 3121 Ι
1790 3052 1863 3108 si:
1903 3052 1985 3106 sic
2009 3071 2065 3109 x.
2093 3056 2114 3124 ΙΙ
2143 3059 2209 3108 10
2245 3071 2388 3124 gra-

352 3123 526 3176 duum
547 3122 797 3192 ipsarum
816 3125 936 3192 (om.
958 3124 1037 3192 et)
1053 3140 1109 3178 x.
1138 3125 1159 3193 ΙΙ
1187 3129 1255 3176 14
1272 3123 1560 3178 nimirum:
1591 3122 1828 3178 nimium
1850 3126 1938 3178 est
1955 3124 2156 3196 (nimiii
2183 3131 2230 3180 ὃ.
2249 3125 2316 3196 S)
2339 3146 2390 3182 ,τ

352 3195 409 3261 (i.
439 3211 507 3248 m.
534 3211 617 3264 yr.
646 3199 687 3246 1‘1
711 3192 947 3246 minimfi
976 3195 1064 3247 est
1090 3193 1188 3262 Se).
1212 3194 1221 3266 Ι
1246 3194 1396 3248 enim
1423 3196 1573 3264 (post
1597 3193 1776 3265 hiero)
1804 3197 1932 3250 add.
1961 3214 2017 3250 x.
2042 3195 2051 3267 Ι
2076 3195 2185 3265 sy(i
2199 3198 2388 3266 E)ra.-

353 3263 529 3345 cussis
548 3262 685 3318 EG.
720 3272 728 3330 Ι
763 3268 829 3317 18
849 3265 961 3333 (19)
982 3271 1209 3318 sacoma
1232 3268 1374 3335 (-am
1392 3265 1462 3320 H
1475 3269 1564 3336 19)
1581 3283 1637 3321 x.
1671 3269 1680 3334 Ι
1711 3266 2101 3336 redemptoriis
2129 3267 2224 3338 (ad
2253 3269 2319 3335 t.)
2339 3288 2391 3324 x

352 3334 645 3457 {issffiusssl'
674 3335 1434 3480 ²}.⁰‚‘'33{¹³1·⁵;¹⁵0¹²¹?Hf¹p⁶59“2{⁶
1447 3337 2391 3480 {affl-..ffiwffliffl

354 3473 556 3555 maden·
582 3475 799 3531 HEG:
839 3476 933 3530 -de
962 3477 1017 3531 S.
1060 3479 1067 3545 Ι
1107 3476 1226 3532 inse
1266 3483 1510 3534 sumeret
1545 3497 1599 3534 x.
1637 3482 1656 3549 ΙΙ
1697 3485 1766 3533 25
1802 3480 1852 3534 is
1881 3481 1941 3536 S:
1980 3479 2070 3534 his
2107 3481 2323 3536 HEG.
2368 3483 2395 3556 ΙΙ

358 3546 426 3593 26
439 3542 727 3599 balineum
737 3547 843 3603 HS
850 3571 862 3602 ε
881 3546 1150 3602 balneum
1164 3550 1225 3604 E
1232 3550 1283 3605 G
1294 3550 1370 3605 Sc.
1391 3551 1409 3622 Η
1429 3556 1494 3604 27
1511 3551 1758 3620 corporis
1769 3551 1833 3606 S:
1853 3550 2160 3622 incorporis
2177 3551 2392 3610 ΗΕΘ.
