2664 3927
733 171 829 226 DE
866 170 1426 227 ARCHITECTURA
1461 162 1593 228 LlB.
1634 171 1775 241 Vm,
1813 178 1845 225 3
2168 171 2295 237 201

284 327 438 386 esset
472 325 628 383 inter
661 341 769 382 nos
806 322 877 381 de
916 341 1103 398 aquae
1138 325 1437 397 potestate
1474 325 1534 381 et
1569 324 1696 382 eius
1732 321 2054 382 virtutibus
2091 340 2300 399 sermo,

285 414 556 489 exposuit
601 430 724 473 esse
769 413 833 470 in
879 430 951 470 ea
994 414 1155 469 terra
1200 411 1489 471 eiusmodi
1533 411 1726 471 fontes
1771 414 1841 469 ut
1887 412 1990 487 qui
2034 409 2120 469 ibi
2163 430 2299 487 pro·

181 560 187 571 ,
285 505 623 573 crearentur
666 518 838 560 voces
885 501 961 558 ad
1007 500 1365 558 cantandum
1401 500 1668 577 egregias
1702 499 2005 575 haberent,
2048 500 2302 575 ideoque

286 611 517 668 semper
550 590 979 653 transmarinos
1016 590 1372 649 catulastros
1410 608 1600 648 emere
1637 590 1926 649 formosos
1969 592 2031 647 et
2067 590 2299 664 puellas

140 692 226 742 (20)
246 684 549 740 5maturas
589 698 805 754 eosque
842 678 1213 755 coniungere,
1248 681 1319 736 ut
1356 678 1460 755 qui
1494 680 1876 737 nascerentur
1903 697 1974 739 ex
2013 672 2021 755 Ι
2060 678 2154 737 1110
2181 697 2302 737 000

286 772 478 831 solum
522 787 665 828 voce
712 768 950 844 egregia
996 766 1098 826 sed
1138 767 1321 825 etiam
1355 768 1547 825 forma
1584 770 1779 828 essent
1815 787 1933 827 non
1969 766 2301 826 invenusta.

420 857 569 918 Cum
618 858 764 916 haec
817 858 989 914 tanta
1041 856 1300 915 varietas
1357 856 1438 915 sit
1491 855 1823 932 disparibus
1869 854 2042 915 rebus
2088 858 2302 914 natura
2339 868 2411 917 26

288 946 633 1020 distributa,
699 945 857 1020 quod
917 945 1243 1003 humanum
1306 963 1518 1019 corpus
1583 948 1680 1007 est,
1731 964 1805 1003 ex
1869 944 2074 1019 aliqua
2133 948 2303 1020 parte

183 1092 189 1101 ,
286 1040 613 1108 terrenum,
663 1035 729 1092 in
784 1053 851 1093 eo
907 1036 1107 1092 autem
1159 1034 1354 1091 multa
1407 1052 1624 1110 genera
1679 1037 1818 1093 sunt
1860 1050 2158 1107 umorum,
2214 1035 2305 1092 uti

124 1137 277 1189 (25)1o
289 1124 593 1201 sanguinis
635 1119 643 1202 Ι
683 1123 857 1181 lactis
920 1122 1150 1189 sudoris
1212 1122 1420 1181 urinae
1474 1123 1878 1196 lacrimarum,
1943 1141 2082 1198 ergo
2136 1122 2189 1181 si
2242 1124 2307 1181 in

163 1258 170 1275 .-
288 1233 475 1290 parva
528 1212 823 1288 particula
867 1210 1087 1271 terreni
1132 1214 1302 1269 tanta
1350 1211 1745 1286 discrepantia
1789 1212 2091 1271 invenitur
2135 1229 2305 1287 sapo-

289 1323 446 1377 rum,
500 1321 619 1360 non
675 1304 765 1359 est
816 1299 1153 1358 mirandum
1207 1302 1259 1359 si
1312 1300 1494 1359 etiam
1546 1302 1610 1357 in
1658 1292 2068 1377 magnitudine
2111 1303 2306 1359 terrae

148 1398 270 1454 204
290 1390 746 1450 innumerabiles
783 1408 1057 1449 sucorum
1097 1384 1104 1466 Ι
1145 1390 1515 1465 reperientur
1540 1390 1880 1463 varietates,
1915 1408 2024 1465 per
2052 1408 2306 1463 quarum

290 1499 468 1540 venas
533 1498 721 1555 aquae
784 1479 874 1538 vis
936 1496 1281 1553 percurrens
1345 1478 1535 1536 tincta
1597 1480 1866 1553 pervenit
1922 1479 1997 1536 ad
2049 1479 2306 1536 fontium

160 1598 171 1611 ··
208 1589 261 1629 15
292 1588 583 1647 egressuS,
647 1571 706 1626 et
768 1568 855 1625 ita
911 1586 981 1625 ex
1036 1585 1103 1625 00
1160 1567 1426 1641 dispares
1479 1568 1748 1643 variique
1801 1566 2188 1642 perficiuntur
2242 1568 2305 1624 in

286 1659 544 1734 propriis
603 1656 913 1734 generibus
976 1657 1171 1716 fontes
1233 1658 1480 1731 propter
1532 1656 1796 1715 locorum
1850 1656 2306 1730 discrepantiam

208 1757 268 1807 (⁵)
290 1752 350 1807 et
410 1748 720 1823 regionum
784 1744 1105 1821 qualitates
1167 1747 1575 1820 terrarumque
1616 1740 1624 1823 Ι
1665 1745 1980 1805 dissimiles
2041 1744 2306 1819 proprie·

290 1839 462 1899 tates.
554 1854 624 1894 ex
674 1834 767 1893 his
823 1835 1026 1891 autem
1078 1832 1251 1891 rebus
1306 1835 1446 1891 sunt
1498 1835 1786 1893 nonnulla
1841 1852 1990 1909 quae
2047 1852 2155 1909 ego
2201 1852 2308 1908 per

2344 1849 2412 1897 27

290 1944 383 1984 me
428 1923 726 2001 perspexi,
781 1925 977 1982 cetera
1021 1923 1085 1980 in
1129 1922 1298 1982 libris
1347 1922 1570 2000 graecis
1618 1924 1838 1998 scripta
1883 1922 2109 1997 inveni,
2162 1941 2306 1998 quo·
2375 1949 2377 1951 ·

129 2071 133 2078 ,
210 2035 263 2073 20
292 2034 423 2072 rum
487 2014 841 2088 scriptorum
901 2012 965 2069 hi
1020 2015 1158 2070 sunt
1212 2015 1480 2071 auctores
1536 2012 1976 2088 Theophrastus
2032 2012 2307 2072 Timaeus

291 2102 643 2162 Posidonius
696 2100 984 2177 Hegesias
1029 2100 1366 2160 Herodotus
1410 2101 1704 2161 Aristides
1751 2101 2148 2174 MetrodoruS,
2205 2103 2308 2177 qui

178 2203 271 2253 (1⁰)
290 2211 507 2269 magna
560 2189 875 2266 vigilantia
930 2192 989 2248 et
1041 2189 1273 2249 infinito
1328 2190 1526 2248 studio
1571 2190 1836 2250 locorum
1879 2183 2308 2272 pronrietates‚

291 2300 582 2357 aquarum
624 2279 903 2352 virtuteS,
950 2279 1023 2336 ab
1068 2278 1452 2338 inclinatione
1499 2280 1764 2355 caelique
1808 2279 2119 2356 regionum
2166 2299 2306 2354 qua-

290 2370 491 2430 litates
545 2370 633 2426 ita
684 2385 809 2427 esse
855 2367 1203 2427 distributas
1250 2369 1486 2444 scriptis
1533 2368 1966 2428 dedicaverunt.
2057 2388 2308 2444 quorum

209 2480 263 2519 25
289 2462 525 2518 secutus
579 2459 878 2534 ingressus
934 2459 997 2514 in
1052 2457 1164 2515 hoc
1217 2457 1370 2515 libro
1425 2459 1743 2533 perscripsi
1790 2477 1940 2533 quae
1987 2459 2134 2516 satis
2183 2476 2307 2516 esse

288 2548 501 2624 putavi
554 2547 626 2605 de
687 2565 876 2622 aquae
932 2545 1348 2620 varietatibuS,
1414 2564 1530 2621 quo
1583 2547 1816 2606 facilius
1873 2565 1944 2605 ex
1994 2547 2087 2604 his
2141 2565 2309 2622 prae·

292 2635 961 2712 scriptionibuseligant
986 2635 1251 2694 homines
1281 2655 1469 2710 aquae
1497 2636 1707 2710 fontes„
1731 2654 1762 2694 0
1789 2635 2003 2710 quibus
2033 2635 2110 2692 ad
2136 2653 2310 2694 usum

179 2737 270 2788 (15)
291 2716 588 2806 salienltes
668 2723 900 2799 possint
972 2723 1047 2782 ad
1120 2725 1392 2784 civitates
1464 2724 1904 2799 municipiaque
1973 2724 2307 2798 perducere.

292 2815 457 2873 nulla
522 2815 679 2873 enim
737 2833 807 2872 ex
860 2813 1129 2872 omnibus
1189 2813 1366 2872 rebus
1421 2815 1620 2871 tantas
1671 2811 1888 2871 habere
1940 2811 2178 2872 videtur
2233 2812 2307 2870 ad

2345 2827 2415 2875 28

209 2925 265 2964 so
292 2923 465 2964 usum
517 2904 897 2962 necessitates
954 2905 1213 2977 quantas·
1255 2922 1438 2978 aqua,
1492 2901 1625 2959 ideo
1670 2900 1829 2976 quod
1857 2901 2138 2958 omnium
2184 2901 2310 2959 ani-
2361 2971 2366 2978 Ι

433 3043 467 3090 4
505 3036 802 3092 catlastros
838 3055 893 3091 x.
926 3036 935 3106 Ι
968 3036 1277 3091 formonsos
1316 3035 1393 3089 H.
1440 3037 1458 3103 ΙΙ
1505 3039 1536 3086 9
1574 3049 1782 3104 genera
1819 3036 1950 3088 sunt
1985 3051 2201 3088 morum
2230 3034 2309 3096 H,

293 3111 424 3163 sunt
467 3125 675 3178 genera
720 3124 937 3162 morum
982 3109 1198 3176 (umorfi
1230 3106 1321 3172 GC,
1368 3106 1604 3160 humorfi
1635 3106 1716 3159 Εο
1749 3123 1924 3176 supra
1971 3107 2067 3161 lin.
2107 3105 2234 3159 add.
2273 3122 2310 3157 v

291 3188 343 3236 et
372 3181 485 3249 hu).
516 3182 535 3250 ΙΙ
564 3185 629 3236 12
669 3178 720 3233 01
754 3181 874 3233 tam
902 3181 983 3247 (ta
1013 3179 1085 3248 G)
1113 3177 1174 3230 in
1198 3193 1253 3231 x.
1282 3179 1301 3246 ΙΙ
1330 3181 1397 3229 13
1434 3175 1858 3230 innumerabilis
1887 3177 1964 3232 H.
1994 3178 2012 3246 ΙΙ
2042 3182 2108 3229 14
2135 3191 2313 3230 venas⁴

293 3250 524 3320 quaevis
562 3250 851 3322 (quaelvis
878 3251 954 3318 E,
990 3266 1099 3320 que
1135 3247 1222 3302 vis
1253 3248 1325 3318 G)
1363 3265 1418 3301 x.
1463 3249 1484 3317 ΙΙ
1529 3253 1597 3301 20
1632 3246 1716 3300 1111
1744 3249 1822 3303 H.
1864 3250 1872 3318 Ι
1912 3246 2310 3318 theophrastos

292 3339 345 3377 x.
401 3325 420 3392 ΙΙ
475 3328 541 3375 21
579 3320 904 3392 posidonios
938 3339 994 3375 οε.
1042 3323 1050 3390 Ι
1094 3318 1354 3388 hegesias
1391 3338 1430 3372 w
1467 3317 1706 3388 (Ctesias
1732 3320 1920 3389 Ptin).
1973 3321 1982 3388 1
2033 3317 2311 3387 arystides

295 3393 371 3447 H.
418 3395 458 3462 ss.
482 3399 551 3446 23
588 3391 1027 3447 abinclinatione
1065 3389 1317 3458 caelique
1357 3389 1596 3462 (celique
1628 3391 1698 3458 G)
1736 3392 1814 3444 sic
1840 3407 1881 3444 x
1909 3391 2026 3460 (ubi
2058 3389 2312 3453 caelique

292 3464 419 3533 ΕΟ).
436 3466 455 3533 ΙΙ
483 3469 551 3516 24
581 3463 1062 3532 esse-distributas
1090 3462 1177 3517 H:
1216 3460 1549 3528 distributas
1582 3477 1704 3524 0000
1732 3460 1867 3516 EG.
1897 3463 1915 3530 ss
1945 3467 2011 3514 27
2040 3477 2071 3515 0
2099 3478 2197 3516 om.
2219 3479 2274 3518 x.
2293 3461 2314 3532 ΙΙ

294 3539 363 3589 29
398 3533 684 3588 videretur
714 3535 765 3590 G
804 3537 938 3603 (non
964 3533 1066 3602 E).
