2664 3927
411 963 943 1046 VITRUVII
1003 964 1157 1046 DE
1221 964 2116 1049 ARCHITECTURA

935 1138 1200 1204 LIBER
1244 1138 1590 1205 PRIMUS.

392 1322 540 1382 Cum
593 1323 795 1382 divina
848 1326 958 1381 tua
1022 1342 1188 1382 mens
1242 1326 1304 1381 et
1358 1343 1602 1399 numen,
1664 1323 1989 1399 imperator
2044 1324 2278 1401 Caesar,

251 1411 502 1489 imperio
547 1412 842 1487 potiretur
887 1412 1045 1471 orbis
1088 1414 1385 1471 terrarum
1419 1412 1760 1488 invictaque
1796 1413 2017 1472 virtute
2052 1416 2279 1473 cunctis

252 1501 526 1560 hostibus
564 1500 785 1576 stratiS,
821 1500 1125 1576 triumpho
1153 1502 1522 1577 victoriaque
1552 1504 1661 1560 tua
1688 1502 1844 1561 cives
1882 1478 2281 1579 gloriarentur

255 1594 319 1649 et
364 1593 570 1667 gentes
608 1607 809 1648 omnes
847 1589 1126 1649 subactae
1161 1593 1337 1648 tuum
1372 1593 1711 1666 spectarent
1746 1593 1958 1649 nutum
1994 1592 2278 1667 populus-

198 1700 226 1741 6
255 1698 373 1755 que
415 1674 423 1756 Ι
464 1679 766 1738 Romanus
803 1682 863 1738 et
899 1682 1140 1737 senatus
1174 1680 1461 1739 liberatus
1502 1680 1714 1738 timore
1752 1680 2132 1756 amplissimis
2158 1680 2279 1739 tuis

255 1767 718 1845 cogitationibus
793 1768 1171 1843 consiliisque
1244 1769 1704 1845 gubernaretur,
1776 1788 1894 1828 non
1969 1768 2277 1845 audebam,

252 1856 440 1917 tantis
497 1857 1010 1932 occupationibuS,
1075 1857 1147 1915 de
1203 1858 1600 1916 architectura
1655 1858 1876 1933 scripta
1933 1860 1993 1916 et
2046 1859 2279 1936 magnis

257 1945 721 2034 cogitationibus
769 1945 1063 2022 explicata
1109 1945 1296 2022 edere,
1342 1950 1610 2006 metuens
1658 1967 1730 2005 ne
1776 1966 1895 2020 non
1943 1949 2085 2024 apto
2130 1950 2277 2007 tem-

253 2055 400 2112 pore
436 2035 822 2110 interpellans
861 2035 1118 2094 subirem
1154 2035 1246 2094 tui
1282 2037 1467 2094 animi
1504 2036 1900 2095 offensionem.
1966 2056 2103 2096 cum
2135 2056 2275 2096 vero
2315 2053 2349 2101 2

171 2147 228 2186 10
255 2124 624 2183 attenderem
650 2127 712 2183 te
738 2142 856 2182 non
897 2119 905 2203 Ι
947 2124 1139 2183 solum
1175 2125 1247 2183 de
1273 2125 1403 2184 vita
1441 2125 1737 2184 communi
1775 2125 2040 2184 omnium
2077 2144 2281 2184 curam

253 2213 652 2290 publicaeque
697 2213 786 2271 rei
841 2213 1265 2272 constitutione
1310 2214 1526 2273 habere
1572 2214 1676 2273 sed
1723 2214 1905 2272 etiam
1949 2215 2021 2273 de
2068 2233 2279 2290 oppor-

254 2301 516 2361 tunitate
570 2300 947 2377 publicorum
1001 2302 1427 2378 aedificiorum,
1491 2306 1564 2361 ut
1617 2302 1829 2363 civitas
1882 2322 1989 2379 per
2040 2306 2102 2362 te
2160 2322 2282 2362 non

255 2392 454 2450 solum
507 2389 828 2466 provinciis
892 2393 1072 2458 esset,
1108 2394 1308 2466 aucta,
1369 2411 1575 2450 verum
1639 2392 1823 2451 etiam
1876 2395 1946 2450 ut
1998 2392 2279 2451 maiestas

256 2479 495 2556 imperii
547 2479 920 2555 publicorum
973 2479 1375 2538 aedificiorum
1419 2481 1688 2558 egregias
1732 2480 1979 2540 haberet
2024 2481 2281 2540 auctori-

177 2589 229 2629 15
257 2572 441 2644 tates,
496 2586 616 2626 non
659 2567 872 2644 putavi
915 2569 1511 2643 praetermittendum
1552 2566 1559 2648 Ι
1602 2570 1745 2645 quin
1805 2570 1996 2646 primo
2042 2588 2281 2670 quoque

257 2660 524 2732 tempore
571 2657 643 2715 de
687 2657 781 2715 his
824 2656 999 2715 rebus
1047 2675 1117 2715 ea
1160 2657 1272 2716 tibi
1318 2658 1567 2717 ederem.
1650 2658 1782 2716 ideo
1823 2658 1981 2733 quod
2024 2659 2284 2733 primum

257 2745 497 2822 parenti
539 2748 644 2805 tuo
690 2746 763 2804 de
811 2764 879 2805 eo
924 2746 1155 2806 fueram
1199 2749 1379 2805 notus
1426 2748 1486 2805 et
1523 2747 1649 2804 eius
1686 2746 1927 2804 virtutis
1964 2746 2281 2805 studiosus.

185 2843 224 2898 2
258 2855 394 2894 cum
440 2837 641 2893 autem
680 2834 994 2893 concilium
1040 2835 1386 2894 caelestium
1429 2835 1493 2892 in
1537 2833 1770 2892 sedibus
1815 2825 2283 2915 inlmortalitatis

258 2943 395 2983 eum
440 2923 833 2983 dedicavisset
874 2926 935 2982 et
970 2922 2283 3014 Qerim-Eagfflsanqtestatem

405 3135 432 3184 1
474 3146 570 3181 um
599 3131 697 3200 (sic
723 3132 840 3184 sine
873 3131 976 3185 litt.
1005 3131 1150 3196 init„
1187 3145 1353 3198 quam
1380 3127 1429 3180 D
1450 3145 1556 3196 pro
1586 3126 1627 3182 C
1655 3129 1828 3184 adscr.
1858 3146 2055 3184 manus
2081 3131 2295 3196 recens)

259 3199 457 3255 divina
494 3203 595 3255 tua
630 3217 786 3254 mens
813 3201 878 3255 in
903 3202 1027 3255 albo
1048 3202 1264 3270 primae
1292 3201 1467 3254 lineae
1493 3200 1671 3270 suppl.
1708 3199 1781 3255 G⁰
1806 3198 1967 3270 (Cum
1986 3231 2058 3241 —
2075 3216 2283 3253 numen

259 3307 365 3362 litt.
405 3307 630 3376 capital.
667 3323 769 3362 scr.
807 3307 878 3362 Η
900 3309 1082 3378 primo
1123 3323 1254 3378 pay.
1293 3306 1487 3372 versu).
1516 3309 1535 3376 ΙΙ
1562 3283 1756 3361 οἳιοεειι·
1796 3307 1883 3362 G0.
1925 3308 1943 3375 ΙΙ
1987 3311 2053 3361 10
2092 3301 2287 3360 Zur-am

353 3390 602 3466 ,babere
629 3415 805 3495 siquis
830 3415 1127 3469 mutandae
1146 3414 1443 3496 positionis
1470 3415 1757 3484 coniunyit
1774 3412 1845 3467 8⁰
1866 3413 1949 3481 (ut
1975 3415 2055 3468 ed.
2076 3414 2243 3482 Lor.).
2264 3413 2285 3485 ΙΙ

257 3453 766 3610 gliagogcszlczlittgzione
795 3485 921 3553 S(G
931 3487 996 3554 ⁰).
1026 3484 1488 3540 constitutionem
1516 3485 1586 3538 H
1604 3487 1649 3555 (-
1652 3489 1742 3554 110)
1770 3484 1836 3539 G.
1867 3486 1885 3554 ΙΙ
1916 3489 1980 3537 17
2012 3483 2283 3554 (virtutis)

369 3654 661 3694 anuvd
720 3653 867 3694 rcieht
870 3657 926 3694 ct.
956 3655 1132 3696 011.οΒ
1173 3667 1210 3697 0.
1899 3650 1926 3697 1
