2664 3927
375 153 463 217 48
1217 150 1549 206 VITRUVII

377 321 499 360 non
550 302 844 362 ruinosae.
933 302 1138 378 itaque
1193 319 1329 359 cum
1385 300 1593 360 arbitri
1647 301 2045 360 communium
2098 301 2405 377 parietum

378 383 726 472 sulmuntur,
769 409 888 450 non
922 391 1243 449 aestimant
1279 408 1379 449 eos
1417 389 1628 465 quanfi
1661 390 1807 448 facti
1840 389 2082 464 fuerint,
2124 389 2228 449 sed
2265 408 2406 449 cum
2422 401 2511 452 (25)

380 498 451 538 ex
485 479 705 539 tabulis
739 479 1052 539 inveniunt
1088 495 1290 537 eorum
1325 479 1667 553 locationeS,
1709 479 1901 555 pretio
1937 478 2406 555 praeteritorum

380 587 670 627 annorum
715 568 1084 645 singulorum
1129 567 1426 625 deducunt
1478 567 1907 644 octogensimas
1954 570 2015 626 et
2056 567 2148 626 ita
2194 585 2267 626 ea
2310 587 2405 626 re-

379 658 547 733 liqua
601 675 832 716 summa
884 658 1064 731 pacta
1115 654 1284 714 reddi
1338 673 1447 730 pro
1498 656 1593 715 his
1650 655 1976 731 parietibus
2041 656 2405 715 sententiam
2434 677 2461 716 5

377 746 770 823 pronuntiant
813 762 914 803 eos
957 763 1077 804 non
1121 762 1293 820 posse
1338 745 1473 819 plus
1520 763 1701 820 quam
1745 763 1929 803 annos
1966 763 2131 802 Lm
2169 745 2403 805 durare.

309 846 343 894 9
518 826 638 916 {De
700 833 983 892 latericiis
1037 851 1175 892 vero
1232 833 1548 892 dummodo
1612 832 1690 891 ad
1741 833 2228 909 perpendiculum
2281 834 2406 892 sint
2436 841 2515 898 49
2621 847 2622 852 ’

381 925 607 982 stantes
648 921 798 980 nihil
834 921 1158 997 deducitur,
1202 921 1305 981 sed
1342 922 1553 998 quanti
1586 922 1811 981 fuerint
1847 922 1991 982 olim
2033 921 2199 998 facti,
2244 923 2404 981 tanti

384 1029 509 1070 esse
562 1029 796 1086 semper
840 1010 1248 1069 aestimantur.
1338 1011 1543 1086 itaque
1596 1011 1896 1068 nonnullis
1952 1010 2294 1070 civitatibus
2343 1013 2405 1069 et

381 1098 622 1176 publica
683 1117 863 1175 opera
925 1102 986 1158 et
1045 1098 1310 1176 privatas
1376 1099 1579 1159 domos
1638 1099 1821 1158 etiam
1872 1099 2067 1177 regias
2123 1119 2155 1158 e
2211 1100 2401 1158 latere
2432 1120 2489 1159 1⁰

385 1191 639 1248 structas
684 1188 825 1247 licet
863 1183 872 1267 Ι
911 1187 1128 1263 videre,
1173 1191 1235 1247 et
1272 1189 1535 1265 primum
1569 1187 1821 1247 Athenis
1856 1208 2093 1246 murum
2130 1189 2234 1264 qui
2272 1206 2402 1264 spe·
2422 1198 2488 1250 (⁵)

385 1279 512 1336 ctat
564 1276 642 1336 ad
684 1276 1038 1354 Hymettum
1089 1280 1354 1337 montem
1410 1279 1471 1335 et
1512 1276 1948 1351 Pentelensem,
2001 1276 2149 1335 item
2201 1276 2402 1336 Patris

383 1366 448 1424 in
493 1366 636 1425 aede
679 1366 839 1426 Iovis
885 1370 947 1426 et
989 1366 1262 1425 Herculis
1307 1365 1606 1424 latericias
1645 1367 1842 1440 cellas,
1888 1384 2021 1424 cum
2056 1365 2213 1424 circa
2251 1366 2402 1442 lapi-

383 1455 494 1514 dea
547 1455 611 1513 in
657 1456 801 1514 aede
847 1455 1129 1531 epistylia
1175 1454 1296 1513 sint
1342 1456 1403 1512 et
1446 1455 1779 1529 columnae,
1829 1455 1894 1512 in
1936 1453 2119 1512 Italia
2164 1453 2404 1514 Arretio

382 1547 683 1604 vetustum
729 1544 965 1620 egregie
1005 1543 1232 1601 factum
1265 1562 1519 1617 murum,
1557 1542 1853 1601 Trallibus
1891 1543 2130 1602 domum
2164 1542 2403 1620 regibus
2433 1562 2487 1602 15

382 1632 666 1691 Attalicis
729 1633 954 1690 factam
1009 1649 1159 1706 quae
1215 1629 1341 1708 ad'l
1381 1630 1773 1690 habitandum
1826 1649 2057 1706 semper
2110 1631 2288 1690 datur
2351 1632 2407 1690 ei
2422 1641 2515 1692 (1⁰)
2623 1663 2624 1666 ¹

385 1721 488 1797 qui
533 1721 794 1780 civitatis
839 1719 995 1797 gerit
1039 1719 1449 1779 sacerdotium.
1520 1719 1667 1778 item
1710 1720 2149 1779 Lacedaemone
2196 1739 2228 1778 e
2276 1721 2406 1796 qui·

383 1808 632 1868 busdam
684 1808 1010 1884 parietibus
1057 1808 1240 1868 etiam
1292 1808 1562 1884 picturae
1608 1809 1834 1867 excisae
1877 1808 2210 1868 intersectis
2257 1809 2405 1868 late-

384 1896 548 1956 ribus
597 1897 862 1957 inclusae
916 1900 1055 1957 sunt
1106 1897 1171 1955 in
1224 1896 1437 1975 ligneis
1492 1896 1699 1956 formis
1754 1900 1815 1956 et
1865 1898 1929 1956 in
1976 1897 2284 1956 comitium
2331 1897 2407 1956 ad

387 1989 663 2047 ornatum
717 1986 1041 2047 aedilitatis
1086 1987 1375 2046 Varronis
1438 1989 1499 2046 et
1542 1986 1822 2045 Murenae
1865 1988 2106 2046 fuerunt
2150 1987 2407 2047 adlatae.
2436 2006 2489 2047 20

283 2086 350 2135 10
387 2073 589 2135 Croesi
633 2076 868 2151 domus,
923 2094 1102 2151 quam
1148 2075 1426 2134 Sardiani
1480 2074 1705 2134 civibus
1751 2076 1829 2133 ad
1869 2070 1878 2148 Ι
1917 2076 2407 2152 requiescendum
2425 2084 2512 2137 (15)
2625 2072 2626 2111 ¹

387 2164 602 2223 aetatis
640 2165 780 2239 otio,
816 2164 1114 2224 seniorum
1149 2164 1402 2241 collegio
1436 2163 1732 2240 gerusiam
1759 2164 2195 2224 dedicaverunt.
2259 2165 2409 2224 item

385 2253 806 2312 Halicarnasso
861 2253 1260 2329 potentissimi
1311 2252 1471 2329 regis
1516 2252 1771 2311 Mausoli
1827 2254 2035 2313 domus
2082 2272 2217 2311 cum
2260 2254 2408 2314 Pro-

387 2342 662 2401 connesio
714 2360 1006 2401 marmore
1061 2342 1261 2400 omnia
1313 2340 1561 2400 haberet
1614 2344 1851 2415 ornata,
1913 2342 2169 2417 parietes
2226 2342 2410 2401 habet

386 2430 572 2489 latere
617 2433 888 2506 structos,
936 2431 1039 2506 qui
1079 2429 1158 2489 ad
1201 2430 1312 2489 hoo
1348 2432 1581 2505 tempus
1622 2431 1921 2507 egregiam
1954 2433 2263 2506 praestant
2307 2431 2406 2489 fir·
2438 2450 2492 2491 25

386 2519 659 2579 mitatem
710 2520 798 2579 ita
851 2519 1114 2579 tectoriis
1171 2517 1443 2595 operibus
1500 2518 1746 2593 expoliti
1800 2519 1890 2577 uti
1945 2519 2087 2577 vitri
2150 2520 2405 2596 perluci-

388 2599 656 2690 difltatem
707 2609 1020 2668 videantur
1071 2607 1305 2667 habere.
1403 2626 1593 2681 neque
1656 2608 1707 2666 is
1770 2627 1873 2666 rex
1936 2608 2010 2666 ab
2072 2608 2277 2685 inopia
2338 2608 2405 2667 id
2424 2619 2515 2669 (20)

386 2697 546 2756 fecit.
633 2698 882 2756 infinitis
947 2698 1107 2757 enim
1157 2696 1549 2774 vectigalibus
1614 2699 1742 2755 erat
1793 2698 2011 2771 fartae,
2077 2695 2239 2772 quod
2300 2698 2411 2755 im-

288 2797 352 2846 11
391 2786 640 2862 perabat
677 2785 884 2846 Cariae
930 2787 1060 2846 toti.
1145 2804 1391 2845 acumen
1436 2787 1637 2844 autem
1682 2785 1806 2845 eius
1854 2788 1914 2844 et
1957 2786 2286 2845 sollertiam
2332 2786 2413 2845 ad

534 2978 562 3027 1
603 2972 838 3028 arbitrio
873 2991 928 3028 ω.
966 2976 986 3043 ΙΙ
1022 2978 1053 3026 3
1090 2972 1275 3044 pretia
1308 2990 1365 3027 ω.
1394 2974 1413 3043 ΙΙ
1441 2976 1476 3024 4
1512 2970 1882 3047 octogesimas
1917 2990 1975 3027 ω.
2008 2972 2017 3042 Ι
2050 2987 2144 3027 ea:
2194 2987 2263 3025 ex
2296 2988 2354 3027 ω.
2392 2972 2416 3043 Η

391 3084 424 3133 5
459 3080 654 3148 pacta:
692 3081 853 3147 parte
888 3096 944 3135 x.
973 3081 993 3149 ιι
1019 3084 1050 3132 9
1087 3078 1399 3134 nonnullis:
1445 3042 1810 3158 nizam-(sic)
1840 3077 1895 3130 s,
1926 3079 2038 3158 ¹112
2076 3076 2195 3147 hya
2225 3078 2412 3147 mme-

391 3149 508 3204 ctifi
537 3150 668 3217 HS,
703 3148 967 3205 himettifi
999 3151 1064 3205 G.
1099 3152 1107 3218 Ι
1137 3150 1508 3205 tentelensem
1534 3165 1588 3202 ω.
1623 3151 1631 3217 Ι
1664 3150 1801 3202 1tem
1827 3164 2013 3216 panes
2041 3149 2111 3203 H
2117 3150 2188 3217 G,
2213 3148 2414 3217 itaque

387 3220 576 3290 paries
606 3221 660 3276 S.
699 3224 718 3290 ΙΙ
756 3226 820 3274 13
859 3221 918 3274 la
955 3219 1119 3275 ideae
1156 3223 1268 3290 (-ee
1309 3222 1378 3288 G,
1416 3238 1504 3295 -ee
1544 3218 1611 3287 S)
1646 3237 1702 3272 x.
1739 3220 1758 3288 ΙΙ
1797 3223 1865 3272 14
1901 3220 2107 3275 arretio
2144 3221 2261 3289 (sic)
2298 3238 2353 3275 ω.
2394 3221 2417 3293 {1

394 3297 460 3345 15
497 3291 738 3347 tralibus
764 3310 820 3348 ω.
854 3292 863 3364 Ι
897 3238 1094 3345 dlomus
1116 3334 1126 3345 .
1152 3336 1162 3345 .
1187 3336 1197 3347 .
1219 3294 1330 3361 (16)
1358 3292 1515 3346 facta
1539 3307 1595 3344 x.
1625 3291 1643 3359 ΙΙ
1670 3294 1740 3342 20
1770 3305 2029 3363 mun-ene
2052 3292 2118 3347 G.
2148 3295 2169 3359 ΙΙ
2194 3296 2262 3344 22
2293 3291 2414 3346 otio

391 3362 462 3416 H
489 3370 541 3417 et
576 3365 661 3432 (in
693 3366 828 3433 ras.)
856 3363 919 3419 S:
959 3363 1085 3417 octo
1118 3362 1171 3419 G
1204 3365 1251 3433 (ῑ
1287 3366 1350 3415 at
1385 3363 1505 3417 otiii
1536 3360 1611 3417 ΘΟ
1644 3362 1710 3414 in
1742 3364 1851 3430 m).
1897 3362 1917 3430 ss
1962 3366 2029 3415 23
2067 3361 2416 3418 alicarnasso

393 3431 656 3504 HS(G⁶)=
693 3432 1096 3489 halicarnassio
1130 3434 1196 3489 G.
1229 3436 1239 3504 Ι
1270 3430 1676 3503 proconnensio
1711 3448 1765 3487 zv.
1813 3434 1832 3501 [Ι
1876 3437 1944 3486 28
1982 3431 2276 3487 ininfinitis
2309 3450 2365 3489 zv.
2396 3434 2418 3505 ΙΙ

395 3506 461 3555 29
497 3504 608 3558 toti
643 3522 742 3561 om.
783 3508 866 3575 (in
901 3507 1048 3575 albo)
1081 3505 1134 3561 S.
