2664 3927
343 158 470 222 106
600 229 606 235 ,
1189 156 1519 212 VITRUvn

280 317 336 370 Π
472 309 802 384 Aerarium,
849 327 1061 385 carcer,
1109 307 1272 366 curia
1316 309 1448 366 foro
1486 309 1623 366 sunt
1661 307 2088 384 coniungenda,
2134 307 2236 365 sed
2272 308 2361 366 ita

343 389 350 479 Ι
373 397 468 456 uti
495 397 846 474 magnitudo
875 397 1252 472 symmetriae
1282 415 1485 454 eorum
1512 397 1641 455 foro
1670 395 2041 471 respondeat.
2106 396 2359 455 maxime
2382 406 2512 462 108

339 486 582 561 quidem
627 487 789 545 curia
833 487 898 544 in
941 486 1148 562 primis
1196 488 1285 544 est
1327 485 1601 543 facienda
1648 485 1724 543 ad
1769 485 2124 562 dignitatem
2168 486 2361 544 muni-

338 575 488 651 cipii,
525 576 648 634 sive
687 576 964 635 civitatis.
1040 577 1100 633 et
1145 575 1196 632 si
1235 573 1529 649 quadrata
1576 575 1705 649 erit,
1752 577 2046 649 quantum
2085 575 2363 634 habuerit

335 665 674 723 latitudinis
720 664 966 722 dimidia
1013 663 1216 721 addita
1263 663 1662 722 constituatur
1704 663 1981 738 altitudo,
2027 663 2121 721 sin
2156 666 2363 722 autem
2389 685 2419 724 5

338 745 612 835 ob1longa
639 753 840 827 fuerit,
866 751 1176 829 longitudo
1207 739 1266 810 et
1292 752 1552 811 latitudo
1582 755 2013 828 componantur
2041 755 2101 810 et
2128 771 2358 810 summa
2379 765 2450 815 (5)

336 843 682 917 composita,
720 842 844 900 eius
882 841 1129 899 dimidia
1163 860 1300 916 pars
1341 841 1451 900 sub
1484 841 1805 900 lacunariis
1834 841 2140 899 altitudini
2170 841 2359 900 detur.

261 945 298 992 2
335 933 645 1007 praeterea
689 930 1109 1007 praecingendi
1154 933 1292 988 sunt
1346 930 1603 1006 parietes
1648 929 1830 988 medii
1880 930 2109 988 coronis
2158 949 2225 988 ex
2269 929 2361 987 in-

335 1019 556 1078 testino
605 1038 778 1095 opere
827 1022 932 1077 aut
978 1019 1204 1078 albario
1253 1019 1330 1077 ad
1377 1019 1685 1076 dimidiam
1728 1021 1962 1094 partem
2008 1018 2359 1077 altitudinis.

339 1127 491 1183 quae
538 1108 588 1167 si
632 1127 753 1166 non
799 1111 997 1184 erunt,
1041 1128 1156 1167 vox
1209 1108 1294 1166 ibi
1358 1107 1792 1183 disputantium
1838 1108 1999 1166 elata
2042 1108 2107 1165 in
2154 1107 2358 1166 altitu-
2390 1130 2446 1168 ιο

335 1197 536 1255 dinem
566 1189 573 1279 Ι
603 1196 937 1256 intellectui
964 1217 1084 1257 non
1111 1197 1335 1273 poterit
1362 1216 1488 1256 esse
1522 1196 1916 1255 audientibus.
1982 1215 2117 1254 cum
2154 1199 2358 1255 autem
2378 1209 2470 1259 (10)

288 1331 294 1338 .
336 1286 564 1345 coronis
629 1287 954 1362 praecincti
1013 1286 1273 1363 parietes
1338 1288 1537 1360 erunt,
1591 1304 1706 1345 vox
1770 1285 1845 1343 ab
1899 1285 2063 1359 imis,
2125 1289 2361 1343 morata

332 1375 681 1451 priusquam
715 1375 779 1433 in
817 1394 951 1434 aere
989 1376 1148 1433 elata
1185 1374 1587 1450 dissipabitur,
1624 1373 1865 1432 auribus
1896 1374 2010 1432 erit
2036 1374 2358 1432 intellecta.

225 1471 305 1526 111
473 1463 621 1524 Cum
647 1466 843 1523 forum
871 1464 1262 1523 constitutum
1288 1463 1489 1537 fuerit,
1524 1464 1657 1520 tum
1683 1463 1926 1521 deorum
1952 1462 2361 1522 inmortalium

334 1554 539 1613 diebus
604 1554 772 1612 festis
835 1552 1111 1611 ludorum
1165 1551 1632 1626 spectationibus
1688 1550 1992 1629 eligendus
2050 1555 2141 1610 est
2193 1552 2358 1610 locus
2388 1573 2441 1613 15

337 1634 345 1724 Ι
376 1644 612 1701 theatro
661 1661 841 1718 quam
887 1640 1308 1700 saluberrimus
1321 1685 1337 1714 ,
1390 1640 1483 1698 uti
1535 1640 1601 1698 in
1643 1640 1837 1716 primo
1882 1640 2036 1699 libro
2083 1640 2154 1698 de
2202 1640 2359 1700 salu·
2378 1653 2468 1704 (15)

331 1731 651 1790 britatibus
704 1731 769 1788 in
822 1730 1122 1790 moenium
1169 1729 1672 1788 conlocationibus
1720 1732 1810 1788 est
1860 1729 2161 1805 scriptum.
2250 1749 2360 1805 per

332 1819 504 1878 ludos
549 1819 708 1878 enim
753 1839 886 1878 cum
929 1818 1278 1895 coniugibus
1326 1821 1387 1876 et
1431 1818 1633 1876 liberis
1676 1817 2054 1894 persedentes
2101 1817 2358 1876 delecta-

333 1908 594 1968 tionibus
640 1908 982 1967 detinentur
1027 1910 1087 1966 et
1133 1925 1381 1983 corpora
1424 1910 1669 1983 propter
1712 1907 2087 1983 voluptatem
2129 1907 2359 1966 inmota

332 2000 604 2073 patentes
658 1997 881 2055 habent
924 1997 1132 2070 venas,
1186 1997 1250 2055 in
1304 2016 1454 2072 quas
1507 1997 1773 2055 insidunt
1827 2016 2105 2055 aurarum
2157 1996 2356 2071 flatus,
2386 2019 2441 2057 20

333 2086 438 2161 qui
475 2086 527 2145 si
565 2106 599 2143 a
635 2078 991 2167 relgionibus
1027 2086 1393 2161 palustribus
1434 2088 1539 2144 aut
1576 2086 1710 2144 aliis
1746 2086 2084 2161 regionibus
2121 2085 2354 2145 vitiosis
2377 2095 2467 2148 (20)

334 2175 678 2249 advenient,
733 2177 1012 2234 nocentes
1059 2168 1303 2250 spiritus
1343 2174 1683 2250 corporibus
1727 2173 2057 2232 infundent.
2148 2174 2353 2250 itaque

257 2276 294 2324 2
333 2265 385 2323 si
423 2264 708 2323 curiosius
747 2263 1001 2341 eligetur
1035 2263 1199 2323 locus
1233 2264 1487 2339 theatr0,
1523 2264 1877 2322 vitabuntur
1906 2263 2072 2321 vitia.
2146 2263 2356 2321 etiam-

333 2372 447 2429 que
500 2352 932 2429 providendum
986 2354 1077 2411 est
1128 2372 1202 2411 ne
1257 2353 1515 2428 impetus
1568 2352 1787 2411 habeat
1833 2372 1867 2409 a
1910 2351 2174 2410 meridie.
2266 2352 2353 2411 sol

333 2442 490 2500 enim
537 2460 670 2499 cum
713 2442 925 2517 implet
971 2441 1097 2499 eius
1143 2440 1601 2515 rotunditatem,
1648 2460 1749 2499 aer
1794 2441 2100 2500 conclusus
2148 2460 2353 2499 curva-
2384 2462 2437 2503 25

328 2534 466 2590 tura
518 2550 711 2606 neque
753 2526 760 2610 Ι
800 2530 1023 2590 habens
1075 2532 1439 2605 potestatem
1483 2530 1744 2607 vagandi
1786 2529 2077 2588 versando
2128 2531 2353 2589 confer·
2373 2542 2466 2595 (25)

329 2620 518 2679 vescit
564 2623 624 2678 et
669 2619 924 2679 candens
972 2619 1170 2678 adurit
1199 2618 1609 2694 excoquitque
1657 2622 1718 2677 et
1740 2618 2042 2677 'inminuit
2079 2638 2109 2677 e
2148 2637 2351 2693 corpo-

327 2709 506 2772 ribus,
531 2728 779 2770 umores.
843 2710 988 2768 ideo·
1012 2709 1265 2767 maxime
1293 2708 1576 2766 vitandae
1606 2710 1746 2767 sunt
1780 2707 1872 2766 his
1899 2708 2072 2766 rebus
2100 2707 2351 2767 vitiosae

253 2812 290 2860 3
328 2799 600 2876 regiones
647 2802 708 2857 et
753 2798 1059 2876 eligendae
1106 2798 1389 2857 salubres.
1471 2798 1993 2855 fundamentorum
2038 2799 2252 2871 autem,
2300 2798 2350 2854 si

327 2888 392 2947 in
445 2888 746 2947 montibus
800 2888 1047 2965 fuerint,
1100 2886 1337 2945 facilior
1382 2885 1497 2944 erit
1540 2886 1725 2961 ratio,
1780 2885 1882 2945 sed
1937 2886 1988 2945 si
2032 2886 2350 2945 necessitas
2380 2906 2437 2947 so

327 2978 591 3054 coegerit
642 2976 706 3034 in
758 2977 940 3052 plano
995 2978 1100 3034 aut
1151 2966 1426 3057 pallustri
1479 2974 1611 3034 loco
1660 2994 1729 3033 ea
1775 2974 2083 3049 constitui,
2134 2974 2349 3032 solida·
2372 2984 2465 3038 (30)

474 3151 502 3199 1
544 3144 714 3214 coni(l
745 3144 1082 3214 G)ungenda
1123 3144 1277 3200 HG:
1328 3144 1691 3214 adiungenda
1731 3144 1783 3198 S.
1830 3145 1850 3213 ΙΙ
1896 3148 1927 3197 2
1974 3142 2352 3213 respondeant

291 3232 382 3272 ἀ).
439 3218 457 3286 ΙΙ
513 3222 544 3270 6
592 3216 1038 3285 con(m)ponatur
1071 3232 1127 3268 x.
1188 3216 1196 3285 Ι
1256 3217 1585 3286 summae(-e
1620 3215 1748 3284 GS)
1794 3217 1986 3285 con(co
2014 3213 2271 3285 S)posita
2310 3232 2352 3269 x

327 3285 617 3356 (copositae
650 3286 756 3356 GC).
787 3288 804 3354 ΙΙ
835 3292 863 3338 7
903 3284 1184 3339 lacunaris
1223 3285 1525 3340 altitudine
1552 3304 1592 3339 a:
1628 3284 1734 3355 (-ni
1766 3287 1857 3356 Ge)
1902 3287 1921 3355 ΙΙ
1951 3292 2017 3339 15
2046 3288 2161 3355 ex(s
2195 3286 2351 3353 (48)-

327 3356 744 3425 pectationibus
781 3374 837 3411 x.
865 3358 884 3427 ΙΙ
915 3363 981 3410 16
1018 3355 1105 3409 uti
1139 3356 1318 3425 primo
1358 3360 1477 3427 (om.
1516 3356 1578 3409 in
1612 3364 1663 3411 et
1697 3356 1863 3425 libro)
1902 3364 2027 3411 ante
2062 3374 2199 3411 corr.
2238 3356 2292 3411 S.
2332 3357 2352 3427 ΙΙ

332 3449 398 3496 17
433 3443 733 3499 immoenifi
766 3446 832 3501 G.
870 3447 890 3515 ΙΙ
925 3450 994 3498 20
1030 3444 1354 3499 insiduntur
1390 3428 1498 3515 (-t²‘
1528 3445 1657 3515 ΘΒ)
1694 3463 1749 3499 ae.
1791 3447 1811 3515 ΙΙ
1851 3451 1918 3498 23
1957 3443 2187 3515 eligitur
2221 3451 2353 3499 ante

330 3530 469 3569 corr.
503 3516 569 3569 G.
598 3518 617 3585 ΙΙ
643 3522 713 3569 24
747 3532 817 3571 ne
847 3517 972 3573 ἃδε
1008 3532 1153 3570 nene
1183 3517 1259 3572 H.
1287 3519 1307 3587 ΙΙ
1334 3522 1404 3571 30
1440 3515 1614 3570 fuerit
1646 3534 1700 3571 x.
