2664 3927
818 157 916 212 DE
953 156 1515 214 ARCHITECTURA
1550 157 1685 212 LIB.
1721 157 1801 212 IV
2235 157 2320 222 81

291 309 698 388 perterebrata
743 309 865 368 sint
909 309 987 367 ad
1032 310 1302 368 canalem
1348 308 1452 385 qui
1500 308 1718 384 excipit
1764 329 1795 366 e
1840 307 2057 386 tegulis
2095 327 2323 384 aquam

206 395 304 483 (5)Ι
337 401 670 474 caelestem,
713 398 991 457 mediana
1036 400 1238 456 autem
1283 398 1406 456 sint
1450 398 1659 472 solida,
1704 398 1796 456 uti
1843 416 1994 472 quae
2032 397 2192 456 cadit
2227 397 2319 456 vis

289 507 482 565 aquae
509 507 616 564 per
641 488 876 564 tegulas
914 487 978 544 in
1015 487 1283 544 canalem
1308 505 1384 545 ne
1414 486 1705 546 deiciatur
1729 505 1838 562 per
1864 487 2319 545 intercolumnia

286 597 478 654 neque
522 578 895 636 transeuntes
941 574 1280 650 perfundat,
1325 575 1429 634 sed
1465 594 1619 651 quae
1664 579 1805 634 sunt
1850 578 2057 634 contra
2094 575 2314 633 colum-

225 689 261 727 .5
289 686 398 726 nas
444 666 760 725 videantur
814 665 1082 723 emittere
1136 665 1439 723 vomentia
1492 667 1695 724 ructus
1741 682 2034 740 aquarum
2080 682 2149 722 ex
2196 681 2314 722 ore.

419 755 676 814 Aedium
711 753 1038 813 ionicarum
1076 772 1257 828 quam
1292 754 1665 828 apertissime
1695 752 1869 829 potui
1896 752 2313 828 dispositiones

177 836 298 926 (1011
331 845 442 903 hoc
488 842 787 902 volumine
835 842 1072 916 scripsi,
1125 840 1462 900 doricarum
1514 845 1714 900 autem
1770 845 1829 900 et
1884 841 2315 900 corinthiarum

288 953 440 1009 quae
487 933 608 992 sint
651 931 1066 1007 proportiones
1113 931 1449 1004 insequenti
1493 930 1646 989 libro
1695 930 2017 1006 explicabo,

1092 1181 1518 1190 ——ss—

934 1401 1201 1467 LIBER
1247 1400 1682 1478 QUARTUS.

151 1586 158 1592 ·
203 1593 258 1632 ιο
421 1569 570 1630 Cum
607 1569 1172 1642 animadvertissem,
1208 1569 1549 1643 imperator,
1584 1567 1785 1643 plures
1814 1567 1886 1625 de
1915 1567 2311 1626 architectura
2349 1581 2381 1628 1

282 1663 598 1737 praecepta
643 1659 1068 1733 voluminaque
1113 1658 1671 1716 commentariorum
1725 1675 1845 1714 non
1889 1656 2163 1714 ordinata
2208 1656 2312 1715 sed

175 1741 296 1831 (ῑ5)Ι
327 1751 564 1825 incepta
618 1748 710 1806 uti
762 1748 1088 1823 particulas
1145 1746 1506 1805 errabundas
1560 1747 1898 1821 reliquisse,
1954 1745 2195 1822 dignam
2252 1748 2312 1804 et

282 1839 665 1897 utilissimam
705 1855 834 1895 rem
879 1835 1089 1912 putavi
1134 1837 1339 1894 tantae
1385 1835 1733 1910 disciplinae
1795 1853 2006 1910 corpus
2054 1834 2131 1892 ad
2175 1845 2306 1909 per*

281 1929 502 1986 sectam
547 1925 979 1986 ordinationem
1022 1924 1341 2000 perducere
1388 1927 1447 1984 et
1492 1924 1889 2000 praescriptas
1942 1923 2008 1983 in
2053 1923 2303 2001 singulis

201 2036 254 2076 15
280 2014 678 2075 voluminibus
725 2016 1092 2091 singulorum
1127 2032 1409 2090 generum
1447 2013 1769 2089 qualitates
1808 2014 2117 2089 explicare.
2192 2015 2306 2072 ita·

181 2124 187 2138 ¹
282 2124 413 2181 que,
463 2102 693 2178 Caesar,
729 2105 922 2178 primo
966 2103 1266 2161 volumine
1311 2102 1426 2161 tibi
1471 2103 1541 2161 de
1590 2102 1785 2162 officio
1824 2103 1948 2161 eius
1987 2106 2048 2161 et
2090 2102 2306 2177 quibus

171 2205 259 2257 (2⁰)
284 2193 582 2253 eruditum
613 2184 622 2273 Ι
655 2210 778 2251 esse
805 2191 978 2251 rebus
1008 2191 1398 2250 architectum
1425 2194 1698 2267 oporteat
1727 2192 1985 2267 exposui.
2050 2191 2305 2251 secundo

281 2283 353 2341 de
400 2281 586 2358 copiis
631 2282 933 2356 materiae,
979 2300 1009 2339 e
1048 2280 1260 2355 quibus
1299 2280 1565 2339 aedificia
1602 2281 2061 2355 constituuntur,
2106 2280 2305 2355 dispu-

172 2402 179 2413 ·
281 2374 428 2431 tavi.
498 2371 678 2430 tertio
725 2372 924 2428 autem
969 2370 1041 2427 de
1088 2369 1322 2428 aedium
1368 2388 1670 2428 sacrarum
1715 2368 2199 2444 dispositionibus
2248 2371 2308 2427 et

205 2482 256 2521 20
283 2460 354 2520 de
419 2479 624 2519 earum
685 2477 967 2537 generum
1028 2460 1318 2516 varietate
1386 2477 1650 2533 quasque
1715 2460 1775 2516 et
1840 2460 1985 2532 quot
2044 2457 2307 2516 habeant

187 2568 191 2575 ·
283 2551 505 2626 species
543 2566 862 2623 earumque
909 2562 1062 2622 quae
1109 2547 1230 2605 sint
1263 2547 1328 2604 in
1374 2548 1623 2624 singulis
1670 2546 1981 2623 generibus
2026 2545 2304 2605 distribu-

175 2649 264 2699 (25)
282 2640 501 2713 tioneS,
556 2657 626 2696 ex
678 2636 867 2696 tribus
923 2626 1278 2717 gelneribuS,
1335 2654 1488 2711 quae
1542 2635 1959 2694 subtilissimas
2019 2635 2307 2694 haberent
2342 2647 2373 2694 2

283 2726 765 2803 proportionibus
801 2724 1177 2783 modulorum
1215 2726 1599 2800 quantitate8‚
1643 2724 1825 2783 ionici
1860 2724 2090 2800 generis
2126 2726 2303 2783 mori·

277 2815 388 2875 bus
435 2816 624 2875 docui.
697 2833 853 2873 nunc
895 2813 1008 2871 hoc
1052 2813 1354 2873 volumine
1400 2813 1471 2871 de
1516 2812 1702 2872 dorici
1738 2812 2131 2888 corinthiique
2169 2831 2305 2872 con-

200 2924 253 2963 25
282 2904 508 2964 stitutis
553 2904 884 2963 rationibus
931 2902 1124 2960 dicam
1173 2921 1491 2977 eorumque
1538 2901 1877 2960 discrimina
1924 2904 1984 2959 et
2036 2900 2304 2977 proprie-

279 2997 436 3053 tates
483 2993 802 3069 explicabo.

423 3222 451 3269 1
498 3216 884 3285 perterebrata
922 3214 1058 3270 HS:
1116 3213 1265 3285 pteri
1309 3213 1473 3267 brate
1510 3213 1561 3267 G
1607 3214 1723 3281 (-tae
1762 3212 1842 3280 Sc,
1886 3213 1979 3267 sed
2015 3189 2099 3276 -tE
2137 3211 2246 3279 GC).

277 3292 313 3339 4
348 3286 690 3368 perfundant
723 3304 777 3341 ω.
833 3288 853 3357 11
910 3293 974 3340 12
1022 3285 1365 3339 errabundos
1403 3302 1457 3339 x.
1514 3286 1533 3353 ΙΙ
1590 3290 1655 3337 13
1700 3286 1921 3339 tantae.
1983 3285 2153 3336 antea
2188 3300 2243 3335 x.

286 3361 348 3410 19
389 3356 866 3427 disputationibus
896 3357 950 3412 S.
981 3359 1000 3427 ΙΙ
1027 3362 1096 3411 20
1133 3359 1272 3425 quot
1307 3356 1432 3411 GS.
1471 3356 1622 3424 quod
1651 3356 1719 3410 Η
1748 3357 1866 3425 (qui
1902 3356 1981 3409 sic
2015 3355 2254 3423 semper).

279 3452 344 3499 21
377 3448 507 3499 sunt
537 3445 584 3515 (s
607 3446 674 3516 S)
701 3463 756 3501 x.
786 3448 806 3514 ΙΙ
833 3452 902 3499 24
939 3445 1143 3500 doricis
1182 3444 1585 3513 corinthiisque
1614 3442 1937 3498 constitutis
1966 3442 2013 3496 a
2041 3441 2303 3545 omnibus

276 3534 331 3571 x.
377 3519 398 3585 ΙΙ
442 3522 510 3569 25
547 3516 908 3586 proprietatis
947 3524 1074 3572 ante
1109 3534 1246 3572 corr.
1277 3516 1354 3571 H.

383 3616 674 3655 anuvd
738 3616 1150 3656 reiec.e.ohtth
1508 3612 1513 3617 “
1909 3608 1941 3656 6
