2664 3927
741 170 836 225 DE
873 169 1434 225 ARCHITECTURA
1468 169 1601 224 LIB.
1638 169 1706 239 X,
1743 176 1775 225 6
2141 170 2272 235 255
2359 136 2364 141 ι

254 321 328 380 de
372 320 551 383 vitice
596 324 756 379 secta
800 322 1033 398 regula,
1088 339 1240 397 quae
1285 324 1468 380 uncta
1513 320 1742 396 liquida
1785 322 1915 396 pice
1958 320 2164 398 figitur
2205 320 2272 379 in

252 409 447 485 primo
500 410 759 469 decussis
812 413 1050 489 puncto.
1142 410 1353 468 deinde
1397 410 1672 469 traicitur
1714 409 1952 485 oblique
1998 409 2076 467 ad
2118 410 2272 468 inse-

255 501 505 574 quentes
549 498 939 575 longitudinis
986 502 1048 558 et
1092 498 1516 557 circumitionis
1554 499 1843 573 decusses,
1888 499 2034 557 item
2071 518 2141 557 ex
2177 516 2269 557 or-

254 588 389 646 dine
447 587 829 664 progrediens
888 588 1123 664 singula
1180 590 1404 663 puncta
1461 586 1889 663 praetereundo
1943 590 2004 645 et
2049 587 2270 646 circum

114 676 611 739 (15)5involvendo
666 677 1008 735 conlocatur
1060 676 1124 734 in
1178 675 1429 752 singulis
1475 667 2022 757 decuslsationibus,
2076 680 2139 735 et
2183 677 2272 734 ita

253 765 525 840 pervenit
583 767 644 823 et
698 764 903 842 figitur
956 766 1034 823 ad
1087 782 1220 823 eam
1276 764 1498 823 lineam
1550 764 1825 825 recedens
1880 782 1916 821 a
1968 764 2160 840 primo
2205 766 2272 823 in

256 857 531 913 octavum
583 855 893 929 punctum,
947 854 1010 911 in
1065 872 1185 929 qua
1235 852 1432 929 prima
1483 872 1622 929 pars
1669 857 1761 913 est
1805 854 1930 912 eius
1975 852 2107 911 fixa.
2200 870 2269 911 eo

252 943 429 1001 modo
504 945 794 1017 quantum
854 943 1233 1019 progreditur
1297 941 1534 1017 oblique
1599 942 1781 1017 spatii
1844 944 1906 1001 et
1965 960 2074 1018 per
2136 943 2268 1001 octo

252 1034 506 1107 puncta,
566 1030 921 1109 tantundem
982 1034 1043 1090 et
1103 1031 1475 1107 longitudine
1537 1031 1805 1106 procedit
1860 1030 1937 1089 ad
1991 1033 2272 1089 octavum

170 1140 227 1179 ιο
252 1123 557 1195 punctum.
648 1119 855 1178 eadem
904 1121 1135 1178 ratione
1188 1138 1296 1195 per
1351 1138 1521 1178 omne
1576 1120 1836 1195 spatium
1879 1118 2269 1196 longitudinis

144 1201 267 1289 (20)Ι
310 1211 373 1267 et
422 1208 807 1268 rotunditatis
854 1208 1101 1285 singulis
1147 1207 1655 1267 decussationibus
1701 1208 1938 1283 oblique
1982 1207 2133 1267 fixae
2179 1227 2269 1266 re-

255 1298 429 1373 gulae
485 1316 594 1372 per
651 1300 782 1356 octo
843 1296 1247 1357 crassitudinis
1307 1297 1626 1356 divisiones
1685 1297 1982 1357 involutos
2041 1296 2271 1355 faciunt

64 1358 79 1456 l
256 1387 489 1445 canales
541 1389 602 1445 et
642 1387 865 1445 iustam
908 1388 1138 1446 cocleae
1183 1386 1634 1460 naturalemque
1678 1386 2088 1443 imitationem.
2179 1386 2268 1443 ita
2305 1406 2339 1454 3

35 1459 72 1547 „s
254 1494 361 1550 per
419 1474 483 1533 id
535 1475 855 1551 vestigium
911 1477 1063 1534 aliae
1118 1494 1296 1551 super
1349 1473 1498 1534 alias
1552 1474 1819 1550 figuntur
1871 1476 2100 1532 unctae*
2136 1473 2268 1548 pice

173 1583 226 1624 1⁵
254 1564 501 1639 liquida,
548 1567 608 1623 et
653 1568 1085 1641 exaggerantur
1122 1564 1197 1622 ad
1232 1564 1296 1621 id
1328 1564 1422 1622 uti
1456 1563 1846 1639 longitudinis
1883 1566 2094 1621 octava
2127 1580 2268 1637 pars

145 1662 235 1714 (25)
252 1652 361 1711 fiat
396 1672 625 1713 summa
662 1644 1022 1734 craslsitudo.
1088 1671 1267 1729 supra
1304 1671 1404 1712 eas
1441 1652 1882 1711 circumdantur
1919 1654 1980 1709 et
2003 1650 2270 1727 figuntur

112 1749 233 1805 259
252 1742 491 1801 tabulae
566 1760 717 1816 quae
773 1736 781 1818 Ι
835 1743 1150 1817 pertegant
1212 1760 1346 1799 eam
1405 1741 1850 1800 involutionem.
1957 1742 2100 1799 tunc
2163 1758 2268 1798 eae

255 1830 495 1889 tabulae
552 1829 683 1904 pice
742 1832 1088 1888 saturantur
1146 1832 1206 1887 et
1261 1829 1562 1888 lamminis
1614 1830 1820 1889 ferreis
1875 1829 2266 1905 conlige-ntur,

256 1921 324 1977 ut
360 1918 435 1976 ab
473 1935 664 1994 aquae
699 1917 763 1977 vi
797 1936 871 1976 ne
908 1917 1321 1977 dissolvantur.
1381 1916 1579 1993 capita
1612 1918 1768 1996 tigni
1793 1918 2001 1978 ferrea.
2057 1918 2267 1977 dextra

176 2027 229 2068 20
256 2010 457 2066 autem
510 2025 581 2065 ac
634 2007 876 2066 sinistra
921 2008 1179 2065 cocleam
1221 2006 1392 2083 tigna
1437 2007 1821 2066 conlocantur
1864 2007 1927 2066 in
1973 2006 2266 2084 capitibus
2325 2047 2330 2052 -

177 2107 237 2160 (5)
256 2099 509 2171 utraque
552 2098 723 2171 parte
768 2086 1065 2176 habenltia
1100 2095 1532 2155 transversaria
1568 2096 1807 2158 confixa.
1880 2097 1946 2156 in
1979 2097 2073 2156 his
2108 2098 2266 2155 fora-

253 2184 417 2243 mina
460 2186 653 2243 ferrea
696 2187 836 2244 sunt
879 2185 1108 2242 inclusa
1150 2184 1330 2260 inque
1373 2203 1444 2243 ea
1477 2183 1839 2243 inducuntur
1873 2186 2034 2262 styli,
2081 2188 2142 2244 et
2175 2185 2266 2243 ita

254 2273 486 2333 cocleae
530 2273 864 2332 hominibus
911 2273 1274 2332 calcantibus
1319 2273 1550 2332 faciunt
1593 2275 1972 2336 versationes.
2049 2274 2263 2333 erectio
2301 2294 2336 2341 4

255 2366 457 2422 autem
501 2363 625 2421 eius
672 2363 749 2421 ad
791 2361 1238 2422 inclinationem
1274 2363 1358 2420 sic
1394 2362 1508 2421 erit
1542 2363 1902 2422 conlocanda
1938 2361 2030 2420 uti
2068 2381 2266 2438 quem-

174 2472 225 2513 25
254 2451 572 2511 admodum
606 2451 1071 2528 Pythagoricum
1104 2452 1409 2528 trigonum
1445 2452 1862 2529 orthogonium
1899 2451 2264 2527 describitur,

148 2552 235 2604 (10)
255 2541 337 2600 sic
388 2541 453 2599 id
504 2539 723 2599 habeat
774 2531 1163 2622 responlsum,
1216 2540 1280 2598 id
1336 2543 1426 2598 est
1469 2541 1560 2598 uti
1606 2540 1906 2599 dividatur
1949 2539 2261 2616 longitudo

252 2630 315 2687 in
359 2631 560 2705 partes
604 2647 664 2704 v,
708 2648 911 2687 earum
944 2630 1127 2687 trium
1163 2630 1484 2687 extollatur
1519 2631 1699 2704 caput
1733 2629 1980 2703 cocleae,
2023 2629 2112 2686 ita
2150 2628 2264 2687 erit

254 2718 328 2776 ab
363 2716 781 2794 perpendiculo
820 2717 897 2775 ad
931 2717 1080 2776 imas
1116 2736 1288 2776 nares
1325 2717 1588 2792 spatium
1624 2735 1828 2774 earum
1862 2716 2123 2792 partium
2149 2735 2260 2774 1111.

253 2827 369 2882 qua
412 2807 643 2865 ratione
690 2809 890 2864 autem
936 2809 1208 2881 oporteat
1250 2806 1316 2864 id
1363 2823 1504 2880 esse,
1547 2804 1612 2862 in
1648 2807 1908 2864 extremo
1944 2805 2096 2862 libro
2136 2805 2259 2863 eius

173 2917 227 2956 3⁰
250 2897 443 2954 forma
488 2895 783 2970 descripta
828 2897 918 2954 est
961 2896 1027 2952 in
1070 2896 1199 2971 ipso
1245 2897 1526 2969 tempore.

393 3105 421 3153 1
460 3099 656 3154 iuncta
691 3101 841 3170 (ante
873 3101 1005 3168 raa)
1044 3100 1110 3155 G.
1158 3101 1177 3169 ΙΙ
1223 3105 1254 3152 2
1293 3097 1513 3153 decusis
1548 3115 1605 3153 x.
1650 3099 1670 3179 Ι]
1714 3103 1746 3150 3
1783 3096 2164 3167 longitudines
2203 3101 2262 3152 et

252 3169 661 3227 circumitiones
699 3170 917 3225 decusis
954 3170 1222 3239 (decussis
1266 3170 1338 3239 G)
1373 3186 1430 3224 x.
1483 3171 1502 3239 ΙΙ
1553 3175 1589 3222 4
1627 3168 1835 3238 singuli
1869 3187 1924 3224 ω.
1986 3169 1993 3239 Ι
2050 3170 2258 3238 puncto

257 3241 319 3296 (τ’.
349 3244 368 3311 u
396 3247 425 3295 ’1
453 3241 696 3312 inprima
722 3259 836 3311 qua
861 3260 915 3312 p.
949 3241 1001 3295 G·
1028 3242 1139 3312 (sed
1169 3242 1243 3297 Cr*c
1268 3242 1305 3296 i.
1336 3258 1407 3298 m.
1434 3248 1460 3292 ῑ
1487 3244 1548 3294 at
1573 3240 1634 3294 in
1659 3257 1772 3310 qua
1798 3239 1982 3310 prima
2008 3265 2076 3286 =
2105 3239 2211 3308 H).
2245 3239 2255 3312 Ι

252 3313 339 3365 est
373 3311 489 3366 eius
527 3316 645 3384 (sic)
679 3331 744 3368 x:
784 3313 903 3368 eius
940 3314 1028 3367 est
1061 3313 1179 3368 edd.
1234 3314 1253 3382 fl
1306 3317 1339 3366 8
1377 3311 1566 3382 spatiii
1601 3312 1650 3366 ἅ
1685 3313 1764 3381 (et
1793 3311 1864 3381 G)
1899 3328 1954 3366 x.
2000 3313 2020 3380 ΙΙ
2065 3316 2096 3364 9
2133 3312 2259 3365 tan-

251 3382 425 3436 tunde
471 3383 516 3438 sc
571 3386 649 3454 (et
698 3385 771 3454 G)
826 3385 976 3455 long.
1023 3384 1141 3454 (sic)
1184 3401 1240 3439 x.
1305 3385 1325 3454 ΙΙ
1389 3388 1456 3437 19
1491 3383 1747 3453 ferr&(et.
1789 3383 1862 3452 G)
1917 3381 2114 3436 dextra
2147 3400 2200 3437 x.
2241 3385 2246 3454 j

254 3459 320 3507 22
358 3453 489 3522 styli
526 3456 646 3524 (sic)
680 3473 723 3510 x
757 3456 869 3524 (sed
896 3473 955 3525 p.
987 3457 1115 3522 167,
1133 3459 1165 3508 1
1204 3453 1350 3508 stilis
1385 3456 1463 3522 x).
1519 3457 1538 3524 ΙΙ
1591 3459 1658 3508 28
1697 3452 2110 3524 adppendieulfi
2147 3471 2202 3508 x.

250 3523 400 3579 naris
435 3542 489 3580 ω.
524 3528 533 3597 Ι
565 3531 699 3580 ean-1
728 3526 769 3598 (Ι
802 3526 891 3596 H)
926 3525 1098 3596 pedes
1136 3543 1250 3581 .1111.
1279 3544 1335 3581 x.
1365 3529 1479 3596 1130
1515 3525 1576 3579 in
1611 3525 1734 3595 ipso
1769 3525 2018 3595 tempore
2056 3526 2174 3595 (sic)
2200 3541 2255 3579 x.
