2664 3927
335 157 470 220 270
1181 155 1514 210 VITRUVII

263 322 296 371 2
339 306 862 366 communitionem
888 306 1343 382 dissipaverunt.
1417 308 1627 382 postea
1656 304 1899 381 quidam
1930 305 2099 364 faber
2125 301 2365 380 TyriuS,

337 387 595 477 {nomine
639 395 1107 471 Pephrasmenos
1153 413 1224 454 ac
1267 393 1526 470 ratione,
1582 412 1651 452 ea
1696 395 2036 454 inventione
2080 392 2361 453 inductus
2380 403 2453 456 (5)

332 485 492 543 malo
557 487 783 544 statuto
849 504 918 542 ex
982 503 1052 544 eo
1115 485 1375 542 alterum
1434 486 1841 542 transversum
1904 484 1995 542 uti
2065 483 2362 542 trutinam

333 573 642 650 suspendit
677 576 737 632 et
779 573 870 631 ita
913 572 1244 631 reducendo
1283 576 1344 632 et
1380 572 1719 648 inpellendo
1755 571 2125 631 vementibus
2161 571 2361 649 plagis

333 661 547 721 deiecit
604 660 1037 720 Gaditanorum
1089 681 1342 720 murum.
1435 660 1618 720 Geras
1674 664 1876 720 autem
1933 659 2361 720 Chalcedonius
2390 679 2423 721 5

332 751 406 810 de
461 751 714 809 materia
766 751 1026 826 primum
1078 749 1269 810 basim
1325 749 1604 809 subiectis
1661 749 1809 808 rotis
1862 750 2007 808 fecit
2062 766 2361 825 supraque

333 840 631 916 compegit
693 830 1046 921 arrelctariis
1111 842 1174 898 et
1225 840 1383 916 iugis
1438 857 1615 899 varas
1670 841 1731 897 et
1782 839 1848 896 in
1902 838 1995 897 his
2048 837 2361 914 suspendit
2380 847 2479 901 (1⁰)

333 929 579 986 arietem
625 927 917 1003 coriisque
959 927 1198 988 bubulis
1243 929 1423 1002 texit,
1472 929 1563 986 uti
1606 928 1857 986 tutiores
1904 929 2101 986 essent
2144 926 2249 1002 qui
2291 926 2359 984 in

332 1035 403 1075 ea
455 1015 894 1076 machinatione
951 1017 1028 1075 ad
1081 1018 1440 1093 pulsandum
1493 1036 1729 1074 murum
1783 1019 1978 1076 essent
2042 1016 2353 1074 conlocati.

329 1104 464 1164 ideo
527 1108 730 1164 autem
794 1106 952 1182 quod
1016 1106 1218 1165 tardos
1292 1108 1539 1165 conatus
1606 1104 1923 1181 habuerat,
1996 1097 2357 1164 testudinem
2384 1125 2445 1165 10

261 1208 292 1256 3
330 1194 673 1253 arietariam
745 1196 1049 1271 appellare
1121 1196 1335 1271 coepit.
1440 1194 1534 1253 his
1597 1197 1740 1253 tunc
1801 1194 2008 1270 primis
2072 1191 2355 1270 gradibus

329 1283 540 1359 positis
586 1284 662 1342 ad
707 1283 770 1342 id
814 1303 1000 1363 genus
1043 1283 1519 1358 machinationiS,
1559 1277 1568 1361 Ι
1607 1286 1818 1359 postea
1864 1301 1998 1341 cum
2036 1281 2353 1358 Philippus
2374 1291 2470 1346 (1⁵)

328 1372 628 1448 Amyntae
681 1371 838 1432 filius
883 1373 1204 1448 Byzantios
1251 1375 1652 1449 oppugnaret,
1704 1371 1988 1448 Polyidos
2044 1371 2355 1430 Thettalos

329 1461 600 1536 pluribus
653 1461 964 1539 generibus
1019 1464 1078 1520 et
1139 1459 1507 1520 facilioribus
1563 1460 1896 1537 explicavit.
1999 1479 2036 1519 a
2092 1479 2209 1536 quo
2263 1479 2355 1519 re-

331 1553 613 1626 ceperunt
657 1550 989 1609 doctrinam
1033 1549 1254 1609 Diades
1301 1553 1365 1608 et
1400 1548 1647 1609 Charias
1696 1551 1799 1626 qui
1845 1568 1980 1608 cum
2015 1548 2356 1608 Alexandro
2386 1568 2443 1609 ιε

331 1638 762 1699 militaverunt.

461 1728 673 1804 Itaque
719 1727 939 1787 Diades
985 1727 1222 1803 scriptis
1267 1727 1390 1786 suis
1438 1727 1698 1786 ostendit
1733 1746 1795 1786 se
1829 1726 2125 1787 invenisse
2160 1719 2355 1784 turres

334 1808 711 1897 {ambulatori
719 1834 810 1891 as,
865 1834 1013 1892 quas
1069 1817 1251 1875 etiam
1305 1815 1623 1876 dissolutas
1678 1817 1742 1874 in
1797 1816 2055 1875 exercitu
2109 1815 2354 1875 circum-
2376 1823 2467 1878 (2⁰)

328 1905 481 1965 ferre
519 1905 766 1981 solebat,
799 1908 1109 1982 praeterea
1143 1904 1439 1965 terebram
1476 1908 1538 1965 et
1573 1904 1985 1966 ascendentem
2021 1905 2358 1965 machinam

331 2012 450 2070 qua
505 1996 583 2053 ad
636 2014 870 2053 murum
923 1996 1104 2070 plano
1159 1994 1309 2071 pede
1362 1995 1655 2054 transitus
1710 2013 1836 2054 esse
1884 1998 2115 2071 posset,
2168 1994 2354 2053 etiam
2382 2014 2439 2053 ιο

258 2099 294 2146 4
331 2100 573 2142 corvum
609 2083 1036 2158 demolitorem,
1079 2103 1255 2160 quem
1290 2084 1566 2143 nonnulli
1603 2104 1809 2161 gruem
1847 2084 2171 2161 appellant.
2234 2101 2355 2142 non

328 2173 524 2230 minus
579 2170 861 2230 utebatur
915 2173 1100 2231 ariete
1156 2171 1463 2232 subrotato
1477 2218 1493 2248 ,
1558 2173 1725 2231 cuius
1784 2173 2045 2232 rationes
2101 2169 2370 2247 scriptas*

327 2260 591 2337 reliquit.
646 2255 654 2340 Ι
709 2261 922 2318 turrim
985 2264 1185 2319 autem
1247 2262 1558 2320 minimam
1621 2262 1709 2321 ait
1770 2264 2041 2337 oportere
2094 2260 2224 2319 fieri
2276 2279 2353 2319 ne
2372 2270 2462 2322 (2⁵)

329 2350 523 2409 minus
571 2349 758 2408 altam
794 2349 1128 2409 cubitorum
1163 2368 1260 2427 Lx,
1305 2350 1686 2409 latitudinem
1722 2368 1871 2425 xvn,
1915 2352 2356 2410 contracturam

329 2442 531 2497 autem
577 2430 887 2520 sumlmam
931 2439 1085 2497 imae
1130 2440 1320 2514 partis
1366 2440 1655 2516 quintam,
1702 2439 2025 2498 arrectaria
2068 2438 2133 2497 in
2168 2438 2349 2497 turris
2370 2446 2486 2502 274

327 2528 447 2586 imo
505 2527 907 2603 dodrantalia,
961 2528 1024 2586 in
1071 2546 1298 2587 summo
1350 2528 1751 2603 semipedalia.
1842 2528 1972 2587 fieri
2018 2531 2218 2587 autem
2264 2528 2351 2586 ait
2378 2548 2432 2589 ze

329 2674 460 2683 —u-—-—

473 2810 501 2855 1
541 2770 970 2871 com1¹1²1¹3tionem
1002 2803 1068 2859 G.
1097 2806 1116 2874 n
1145 2810 1176 2857 2
1205 2804 1639 2874 pephrasmenos
1667 2803 1803 2858 HS:
1840 2804 2125 2874 phephras
2152 2819 2346 2857 menos

332 2875 397 2929 G.
471 2878 551 2930 sle
594 2883 644 2930 et
679 2877 874 2930 Athen.
913 2877 1212 2945 (Wescher)
1255 2877 1654 2943 πεφραεμένος.
1714 2875 1723 2946 Ι
1783 2890 1876 2931 ea:
1922 2874 1970 2929 ὅτ.
2008 2878 2089 2945 (et
2127 2876 2200 2945 G)
2234 2892 2291 2929 x.
2328 2875 2351 2947 ΙΙ

327 2951 363 2998 4
397 2945 506 3001 ita:
542 2945 602 2999 in
636 2963 689 3001 x.
725 2948 734 3015 Ι
764 2945 1120 3001 venientibus
1155 2964 1210 3001 x.
1239 2948 1260 3017 ΙΙ
1287 2952 1318 2999 5
1357 2945 1529 3001 Gerae
1559 2948 1757 3015 (γήρας
1782 2946 1959 3017 Ath.)=
1998 2946 2235 3001 ca&eras
2266 2946 2346 3013 H,

328 3014 438 3070 Cae
457 3016 464 3088 Ι
482 3019 633 3071 teras
670 3018 740 3085 G,
774 3020 992 3087 ceteras
1027 3017 1080 3073 S.
1115 3020 1125 3088 Ι
1155 3016 1591 3072 chalchedonius
1628 3035 1669 3073 x
1704 3019 2090 3087 (καρχηδόνιοί
2124 3018 2291 3086 Am).

330 3092 359 3139 7
390 3088 677 3157 θῂινατὶαε
710 3090 762 3144 G
788 3088 932 3158 (-riis
965 3090 1055 3157 G0',
1084 3090 1189 3159 'qui
1222 3091 1286 3144 in
1319 3106 1387 3143 m.
1426 3090 1555 3143 add.
1594 3088 1779 3159 iugis).
1808 3090 1827 3158 11
1858 3093 1927 3143 10
1962 3088 2116 3143 ideo:
2153 3086 2213 3140 id
2240 3105 2296 3142 x.

329 3162 395 3210 13
440 3159 560 3227 by(i
597 3158 911 3227 SG)zantio
945 3177 988 3213 x
1029 3160 1375 3229 (βυζαντίουε
1410 3160 1579 3229 Am).
1638 3162 1647 3229 Ι
1703 3159 1921 3230 pholyi
1958 3160 2187 3229 SG)dos
2232 3176 2287 3213 x.

325 3228 610 3284 thethalos
647 3230 717 3284 H
720 3230 776 3298 S,
811 3229 1056 3285 thetalos
1096 3230 1164 3286 G.
1219 3233 1238 3301 ΙΙ
1294 3238 1362 3285 14
1396 3234 1765 3300 recoeperunt
1799 3230 1868 3285 H
1913 3274 1925 3285 .
1980 3233 2000 3301 ΙΙ
2055 3235 2121 3284 15
2158 3228 2345 3283 diadis

327 3302 472 3367 (ame
506 3303 667 3371 corr.)
696 3302 772 3355 H.
806 3306 815 3367 Ι
847 3300 1027 3355 carias
1054 3318 1096 3356 x
1122 3302 1336 3369 (χαρίαε
1361 3303 1529 3372 Am).
1558 3306 1577 3385 Ι]
1605 3307 1673 3355 23
1707 3304 1919 3355 turrem
1945 3319 1987 3357 x
2015 3301 2168 3371 (-rim
2198 3300 2307 3371 6⁶).
2326 3301 2349 3374 ΙΙ

328 3374 396 3421 24
435 3368 554 3423 alta
584 3372 650 3426 G.
683 3373 693 3440 Ι
723 3390 795 3425 nx
830 3373 1028 3442 (Ath.):
1065 3388 1268 3427 novem
1301 3390 1361 3429 x.
1395 3376 1417 3444 ῃ
1455 3378 1523 3427 25
1559 3390 1621 3426 1n
1654 3372 1823 3427 turris
1859 3371 2036 3427 inimo
2071 3390 2114 3427 x
2149 3375 2345 3442 (inuno

331 3438 486 3518 Gc).j{
513 3446 580 3493 26
612 3442 861 3497 dodrante
909 3442 1041 3496 Alia
1068 3442 1198 3512 HS,
1235 3443 1479 3499 dodi-ant
1506 3444 1623 3499 alia
1654 3446 1706 3501 G
1738 3447 2112 3515 (τριπάλαιστα
2130 3444 2305 3513 Am).
2332 3443 2340 3516 Ι

329 3509 693 3575 semipedalia
727 3530 790 3568 x:
829 3513 1288 3584 ἑπτα(.9)δάκτυλα
1315 3516 1443 3571 Ath.
