2664 3927
380 167 511 232 254
1224 167 1553 222 VITRUVII

379 319 584 379 eadem
639 322 779 379 sunt
833 319 1031 378 omnia
1083 320 1505 394 praeterquam
1552 319 1708 394 quod
1753 319 1818 376 in
1862 339 1983 378 uuo
2028 320 2225 396 capite
2272 320 2401 380 axis

377 412 736 484 tympanum
781 407 1093 466 dentatum
1139 410 1230 466 est
1273 408 1579 466 inclusum.
1670 409 1736 466 id
1780 411 1981 467 autem
2025 409 2103 467 ad
2145 427 2399 486 perpen-

381 498 644 556 diculum
688 497 1061 556 conlocatum
1105 497 1168 553 in
1212 496 1473 558 cultrum
1507 500 1779 557 versatur
1814 517 1949 564 cum
1984 501 2118 557 rota
2153 499 2398 573 pariter.

380 579 390 669 Ι
431 586 754 646 secundum
803 584 868 642 id
920 588 1276 660 tympanum
1329 586 1519 645 maius
1564 581 1849 665 (minus)
1894 586 2041 645 item
2086 586 2398 646 dentatum
2418 597 2513 650 (1⁵)

369 676 618 752 planum
663 678 754 734 est
795 673 1182 747 conlocatum,
1228 692 1346 747 quo
1386 675 1723 733 continetur
1870 676 1961 733 ita
1997 675 2201 736 dentes
2236 677 2395 752 tym-
2423 696 2452 736 5

372 765 518 842 pani
583 764 706 823 eius
771 762 930 837 quod
994 765 1084 821 est
1145 763 1210 819 in
1272 781 1381 820 axe
1443 763 1735 822 inclusum
1796 764 2135 840 inpellendo
2190 764 2397 824 dentes

374 853 646 930 tympani
690 852 856 927 plani
893 853 1112 928 cogunt
1146 850 1275 908 fieri
1311 853 1603 910 molarum
1640 852 2101 913 circinationem.
2174 854 2238 912 in
2275 871 2396 928 qua

371 942 644 1002 machina
707 940 1030 1017 inpendens
1085 939 1528 999 infundibulum
1581 940 1993 1001 subministrat
2045 942 2220 1001 molis
2272 943 2395 1000 fru-

371 1034 637 1090 mentum
683 1033 744 1087 et
787 1028 992 1088 eadem
1035 1028 1369 1088 versatione
1411 1024 1419 1108 Ι
1460 1029 1758 1107 subigitur
1800 1030 2009 1089 farina.
2413 1041 2507 1092 (20)

265 1136 344 1191 V1
504 1119 616 1178 Est
653 1121 855 1176 autem
890 1117 1072 1176 etiam
1107 1118 1337 1177 cocleae
1365 1119 1519 1178 ratio
1547 1137 1699 1194 quae
1725 1139 2005 1220 magnam
2039 1121 2166 1179 vim
2191 1116 2395 1178 haurit
2421 1140 2477 1179 ιο

373 1226 564 1284 aquae
601 1207 704 1266 sed
740 1226 859 1266 non
894 1210 1022 1266 tam
1059 1207 1178 1265 alte
1214 1207 1379 1266 tollit
1416 1227 1596 1283 quam
1628 1210 1780 1267 rota.
1837 1209 1963 1268 eius
2003 1212 2204 1290 autem
2236 1207 2392 1266 ratio

372 1298 455 1356 sic
501 1296 823 1372 expeditur
914 1296 1148 1372 tignum
1193 1295 1472 1372 sumitur,
1527 1297 1694 1355 cuius
1738 1298 1895 1374 tigni
1942 1301 2167 1374 quanta
2208 1296 2392 1356 ratio-

373 1387 606 1445 cinatur
638 1385 858 1461 pedum
892 1385 1222 1485 longitudo,
1265 1387 1437 1444 tanta
1474 1385 1800 1486 digitorum
1836 1386 2149 1462 expeditur
2184 1385 2392 1444 crassi·

376 1467 550 1557 {tudo
640 1475 704 1532 id
768 1473 844 1531 ad
907 1473 1190 1532 circinum
1242 1475 1611 1533 rotundatur.
1702 1475 1767 1533 in
1822 1475 2116 1551 capitibus
2170 1474 2391 1532 circino
2411 1485 2503 1535 (25)

372 1564 711 1623 dividentur
771 1562 1204 1620 circumitiones
1264 1581 1472 1621 eornm
1524 1563 1884 1623 tetrantibus
1942 1568 2002 1623 et
2055 1562 2391 1624 octantibus
2421 1583 2473 1624 15

369 1653 432 1712 in
473 1647 482 1732 Ι
521 1655 720 1728 partes
775 1654 937 1726 oct0,
991 1668 1210 1726 eaeque
1263 1652 1456 1711 lineae
1511 1652 1599 1711 ita
1654 1653 2033 1712 conlocentur
2085 1655 2153 1710 ut
2206 1652 2389 1727 plano
2410 1661 2529 1716 258

367 1743 564 1817 posito
620 1741 788 1816 tigno
838 1739 1148 1814 utriusque
1195 1741 1409 1816 capitis
1457 1741 1532 1799 ad
1575 1741 1843 1800 libellam
1887 1743 2077 1800 lineae
2123 1741 2281 1798 inter
2326 1757 2391 1798 se

369 1829 764 1906 respondeant
819 1831 880 1886 et
933 1848 1113 1904 quam
1157 1847 1375 1906 magna
1419 1849 1557 1906 pars
1603 1831 1683 1889 sit
1729 1833 1940 1890 octava
1986 1827 2388 1889 circinationis

370 1919 540 1995 tigni,
587 1921 715 1977 tam
749 1936 968 1994 magna
1005 1918 1200 1995 spatia
1237 1918 1585 1978 decidantur
1620 1919 1684 1978 in
1718 1919 2167 1997 longitudinem.
2241 1918 2391 1977 item

369 2007 538 2084 tigno
582 2008 762 2083 plano
803 2002 812 2086 Ι
854 2008 1159 2066 conlocato
1203 2009 1398 2067 lineae
1446 2008 1519 2067 ab
1564 2010 1757 2085 capite
1805 2009 1882 2068 ad
1918 2010 2170 2067 alterum
2207 2009 2524 2082 caputzoc)
2644 2042 2646 2047 ¹

369 2096 768 2171 perducantur
815 2096 890 2153 ad
932 2095 1198 2155 libellam
1244 2098 1674 2157 convenientes,
1766 2099 1851 2157 sic
1896 2101 1956 2156 et
1998 2098 2063 2155 in
2106 2096 2387 2156 rotunda·

369 2186 531 2243 tione
578 2187 638 2242 et
682 2184 746 2241 in
790 2184 1160 2261 longitudine
1203 2186 1479 2261 aequalia
1525 2188 1722 2263 spatia
1756 2186 1917 2245 fient.
1988 2186 2077 2244 ita
2118 2205 2233 2261 quo
2270 2184 2389 2243 loci

371 2272 779 2331 describuntur
836 2272 1030 2331 lineae
1090 2292 1242 2349 quae
1300 2278 1441 2333 sunt
1497 2276 1562 2333 in
1620 2276 2021 2352 longitudine,
2092 2276 2387 2333 sectantes

368 2362 590 2421 facient
644 2362 1078 2421 decussationes
1135 2366 1195 2421 et
1248 2363 1312 2423 in
1369 2363 1871 2423 decussationibus
1923 2363 2096 2422 finita
2142 2364 2384 2438 puncta.

300 2462 331 2509 2
369 2451 462 2510 his
517 2452 604 2509 ita
659 2450 966 2511 emendate
1021 2451 1330 2527 descriptis
1372 2446 1381 2533 Ι
1421 2453 1679 2511 sumitur
1723 2453 1989 2530 salignea
2034 2451 2229 2511 tenuis
2278 2453 2549 2518 aut25(1o)

511 2662 542 2709 2
583 2659 690 2710 est.
731 2654 777 2709 8z
813 2658 892 2726 (et
920 2656 996 2737 G)
1023 2674 1077 2711 x.
1107 2659 1187 2726 114
1223 2658 1264 2711 t.
1293 2656 1483 2709 maius
1512 2656 1652 2710 item
1679 2658 1797 2726 (sic)
1820 2674 1863 2711 x
1890 2656 2086 2733 (suppl.
2116 2654 2337 2723 minus).
2346 2653 2387 2738 j}

371 2732 403 2780 5
451 2726 800 2797 continetur(.
833 2728 898 2797 S)
950 2726 1034 2781 ita
1090 2728 1285 2781 dentes
1329 2746 1386 2782 x.
1458 2730 1527 2796 cf.
1558 2746 1619 2797 Ρ.
1656 2731 1783 2782 263.
1820 2731 1949 2783 265.
1999 2730 2255 2781 lacunam
2305 2728 2387 2781 sic

371 2800 602 2868 explevit
633 2800 679 2852 J
679 2800 924 2853 ocwndus
960 2815 1070 2867 quo
1109 2797 1427 2853 continetur
1462 2798 1582 2853 axis
1618 2797 1878 2853 habens
1861 2815 1923 2850 in
1952 2814 2166 2851 summo
2197 2796 2385 2866 capite

368 2870 703 2924 subscudem
729 2870 986 2939 ferream,
1014 2887 1128 2940 qua
1153 2868 1306 2923 mola
1334 2868 1663 2925 continetur.
1697 2871 1705 2943 Ι
1736 2864 1995 2939 tympani
2022 2868 2141 2923 eius
2172 2870 2290 2937 (sic)
2316 2885 2382 2923 x.

368 2940 487 2994 eius
523 2940 780 3009 tympani
817 2943 934 2996 edd.
989 2944 1008 3011 ΙΙ
1063 2946 1093 2994 ’1
1131 2940 1298 3011 plane
1336 2959 1389 2995 x.
1451 2946 1461 3009 Ι
1517 2940 1733 2995 molaru
1762 2940 1807 2997 S
1828 2943 1916 3010 (=
1946 2939 2022 2994 120
2021 2942 2069 3009 >2
2105 2938 2387 2992 malarum

367 3012 510 3067 HG.
566 3013 585 3080 ΙΙ
639 3017 670 3064 8
707 3010 1028 3065 infunibulu
1073 3030 1126 3067 ω.
1191 3014 1210 3081 ΙΙ
1274 3017 1339 3064 12
1388 3013 1602 3080 quanta
1646 3013 1802 3065 ratur
1851 3014 2027 3081 (ratus
2066 3011 2133 3079 S)
2181 3029 2233 3079 p.
2272 3026 2326 3064 ω.
2364 3010 2385 3082 Η

369 3087 435 3135 16
462 3085 677 3152 partes:
715 3082 888 3151 pedes
915 3100 969 3138 ω.
998 3086 1017 3153 ΙΙ
1046 3088 1111 3136 17
1144 3082 1434 3152 utriusque
1461 3113 1530 3123 —-
1558 3080 1895 3153 [crassitudo
1916 3099 1973 3151 Ρ.
2002 3085 2137 3149 267,
2152 3084 2363 3149 21)om

367 3156 515 3223 (post
557 3154 680 3208 init.
718 3155 760 3221 f.
789 3158 927 3207 144⁶
927 3156 946 3221 )
983 3154 1038 3209 S
1109 3171 1245 3223 quae
1288 3160 1421 3211 sunt
1462 3156 1610 3209 circa
1647 3153 1747 3224 5¹s4
1786 3155 2046 3221 foliorum
2080 3154 2285 3209 codicis
2318 3152 2391 3205 H

365 3243 404 3280 α
427 3226 469 3291 f.
491 3229 626 3279 1480ι
650 3226 747 3291 fin.
767 3228 991 3279 —15312
1015 3228 1149 3279 med.
1172 3226 1259 3293 (--
1279 3226 1359 3280 ed.
1379 3242 1525 3279 meae
1548 3241 1799 3280 versuum
1814 3226 1959 3293 240).
1988 3226 2009 3294 ΙΙ
2037 3228 2103 3277 16
2126 3225 2273 3294 (item
2292 3226 2385 3291 21)

368 3294 640 3349 adlibellu
678 3298 828 3365 (cmte
863 3298 1022 3365 corr.)
1061 3295 1127 3350 G.
1163 3300 1183 3363 ss
1222 3300 1286 3349 18
1324 3298 1560 3351 octavae
1598 3298 1675 3368 (⁴2
1706 3296 1779 3365 G)
1804 3313 1859 3351 x.
1897 3298 1916 3365 ΙΙ
1954 3301 2021 3349 19
2061 3293 2385 3350 dicidantur

369 3382 455 3436 Η.
502 3382 828 3437 dividantur
865 3384 916 3438 G
961 3385 1076 3453 (ubi
1109 3386 1147 3438 i.
1185 3402 1254 3439 m.
1296 3384 1371 3439 G⁰
1404 3392 1431 3437 ῑ
1476 3388 1537 3439 at
1582 3370 1906 3452 dicidantz).
1961 3387 1980 3454 fl
2035 3390 2102 3437 22
2150 3400 2261 3453 quo
2304 3383 2380 3439 6.

369 3453 519 3533 quod
547 3454 624 3509 H.
661 3456 680 3523 u
716 3460 784 3506 23
822 3456 1139 3523 spectantes
1175 3472 1230 3509 ω.
1267 3458 1286 3524 ΙΙ
1323 3460 1393 3508 24
1431 3454 1818 3511 decusationes
1854 3474 1897 3511 x
1930 3458 2077 3525 (item
2104 3459 2383 3511 9.14.20

369 3522 482 3572 nisi
517 3525 660 3591 quod
696 3528 766 3577 14
804 3525 1015 3582 decuss.
1049 3527 1136 3597 G).
1182 3527 1202 3593 u
1247 3530 1316 3578 25
1356 3528 1456 3580 aut
1486 3528 1559 3583 G:
1598 3529 1662 3580 ut
1689 3527 1765 3581 H.
