2664 3927
724 101 842 167 ,DE
881 100 1442 157 ARCHITECTURA
1475 102 1608 158 LIB.
1646 100 1766 171 VII,
1808 107 1836 155 1
2170 101 2297 167 161

282 253 655 313 solidationis
698 253 853 311 ratio
907 251 1213 311 habeatur.
1296 254 1359 311 et
1411 254 1463 311 si
1516 253 1710 328 plano.
1742 252 1890 327 pede
1937 251 2050 310 erit
2095 252 2300 311 erude-

280 342 559 416 randum‚
614 344 937 418 quaeratur
981 341 1173 400 solum
1218 342 1271 400 si
1316 342 1398 400 sit
1440 344 1724 417 perpetuo
1771 341 2053 413 solidum,
2107 344 2168 399 et
2211 342 2303 399 ita

284 434 660 508 exaequetur,
706 433 767 489 et
810 429 1126 488 inducatur
1170 450 1304 489 cum
1341 431 1662 489 statumine
1696 430 1898 489 rudus.
1971 430 2064 487 sin
2099 432 2304 489 autem

286 520 474 579 omnis
502 522 607 577 aut
643 539 714 578 ex
749 520 919 593 parte
948 519 1341 595 congesticius
1376 520 1541 578 locus
1576 519 1775 594 fuerit,
1810 518 2300 578 festucationibus

143 617 420 669 (20)5cum
455 626 675 686 magna
714 602 723 685 1
765 625 905 666 cura
942 607 1242 666 solidetur.
1314 608 1380 666 in
1414 607 1954 685 contignationibus
1989 626 2130 666 vero
2167 606 2302 665 dili-

285 701 493 775 genter
536 700 627 755 est
671 694 1263 755 animadvertendum
1306 716 1383 754 ne
1430 698 1532 772 qui
1575 698 1772 772 paries
1817 697 1922 773 qui
1965 715 2088 755 non
2131 699 2304 754 exeat

286 787 362 846 ad
416 805 737 859 summum,
802 784 881 842 sit
935 786 1234 843 extructus
1288 784 1399 843 sub
1452 786 1888 861 pavimentum,
1947 785 2049 844 sed
2100 785 2302 861 potius

286 877 584 936 relaxatus
640 891 821 948 supra
876 891 936 931 se
988 873 1346 947 pendentem
1389 873 1606 932 habeat
1652 875 2076 933 coaxationem.
2169 893 2304 932 cum

288 966 446 1023 enim
492 962 712 1023 solidus
760 962 908 1036 exit,
963 961 1506 1039 contignationibus
1554 963 1950 1023 arescentibus
1998 966 2104 1021 aut
2156 981 2304 1037 pan·

114 1062 191 1113 (25
165 1062 277 1103 031⁰
286 1053 527 1111 datione
572 1050 915 1126 sidentibus,
959 1070 1077 1131 per
1072 1042 1327 1109 'manens
1375 1053 1705 1109 structurae
1749 1051 2052 1111 soliditate
2098 1052 2306 1110 dextra

288 1161 358 1201 ac
421 1140 662 1200 sinistra
725 1096 1044 1199 secundum
1108 1158 1169 1198 se
1230 1139 1380 1197 facit
1440 1140 1504 1196 in
1565 1130 1920 1214 pavimentis
1974 1142 2304 1199 necessario

147 1234 271 1291 163
289 1232 489 1289 rimas.
588 1230 733 1287 item
795 1227 993 1287 danda
1054 1231 1145 1287 est
1208 1247 1388 1304 opera
1429 1219 1436 1308 Ι
1477 1246 1552 1286 ne
1616 1229 2104 1287 commisceantur
2167 1247 2304 1288 axes

289 1318 572 1377 aesculini
618 1336 853 1393 quercu,
899 1316 1058 1392 quod
1104 1318 1341 1392 quercei
1387 1316 1564 1374 simul
1608 1334 1874 1375 umorem
1917 1320 2308 1392 perceperunt

290 1427 353 1467 se
415 1408 756 1483 torquentes
820 1406 1003 1463 rimas
1063 1406 1293 1465 faciunt
1355 1406 1419 1463 in
1480 1406 1858 1482 pavimentis.
1955 1406 2048 1464 sin
2106 1408 2310 1463 autem

208 1512 261 1559 15.
290 1496 557 1555 aesculus
611 1515 730 1554 non
784 1495 896 1553 erit
950 1497 1011 1553 et
1055 1495 1376 1553 necessitas
1423 1495 1708 1570 coegerit,
1754 1497 1999 1569 propter
2041 1495 2310 1568 inopiam

206 1592 269 1645 (5)
291 1585 553 1661 querceis
599 1585 682 1643 sic
718 1582 953 1642 videtur
998 1601 1123 1642 esse
1167 1583 1513 1642 faciundum
1557 1586 1626 1641 ut
1671 1574 1958 1664 se{centur
1992 1581 2311 1641 tenuiores,

291 1693 407 1750 quo
453 1675 646 1732 minus
692 1673 851 1731 enim
895 1672 1219 1747 valuerint,
1273 1690 1342 1731 eo
1388 1672 1624 1730 facilius
1670 1672 1854 1730 clavis
1897 1671 1997 1729 fin‘
2046 1671 2308 1730 contine-

288 1763 509 1820 buntur
773 1760 985 1819 deinde
1038 1761 1103 1819 in
1158 1760 1408 1837 singulis
1461 1761 1645 1836 tignis
1701 1761 1976 1818 extremis
2036 1760 2310 1835 partibus

292 1868 429 1909 axes
480 1849 609 1907 bini
663 1850 846 1908 clavis
900 1848 1189 1924 figantur.
1245 1850 1332 1907 uti
1391 1850 1558 1907 nulla
1613 1868 1683 1907 ex
1737 1851 1906 1924 parte
1960 1849 2192 1925 possint
2247 1866 2310 1907 se

210 1957 265 1996 20
292 1938 621 2014 torquendo
676 1938 925 2015 angulos
980 1938 1251 1998 excitare.
1350 1957 1606 2014 namque
1661 1937 1733 1996 de
1789 1956 1950 1997 cerro
2006 1939 2112 1996 aut
2168 1938 2310 2015 fago

294 2047 397 2087 seu
441 2028 610 2085 farno
656 2027 854 2085 nullus
902 2026 978 2084 ad
1022 2030 1382 2086 vetustatem
1425 2030 1624 2103 potest
1668 2046 2029 2103 permanere.
2102 2045 2310 2086 coaxa-

184 2124 274 2177 (10)
292 2106 571 2197 tiolnibus
624 2116 799 2174 factis
858 2117 910 2175 si
956 2116 1095 2189 erit,
1148 2115 1309 2191 filex,
1366 2117 1417 2174 si
1461 2135 1608 2191 non,
1661 2117 1836 2191 palea
1881 2116 2312 2190 substernatur,

293 2206 383 2264 uti
445 2202 723 2262 materies
788 2203 861 2262 ab
927 2204 1103 2262 calcis
1168 2203 1329 2264 vitiis
1391 2204 1781 2263 defendatur.·
1857 2208 2002 2264 tunc
2065 2205 2312 2279 insuper

293 2294 715 2352 statuminetur
764 2312 837 2350 ne
891 2292 1116 2352 minore
1172 2312 1312 2353 saxo
1372 2313 1554 2368 quam
1610 2294 1768 2368 quod
1821 2295 2013 2369 possit
2064 2312 2312 2351 manum

211 2401 265 2442 25
292 2383 557 2459 implere.
647 2380 1236 2441 statuminationibus
1282 2381 1540 2441 inductis
1585 2382 1771 2440 rudus
1817 2382 1870 2441 si
1913 2401 2134 2441 novum
2179 2383 2314 2457 erit,

437 2611 468 2658 2
525 2604 865 2686 quaeffiratur
917 2620 1030 2658 non
1094 2603 1272 2658 solum
1337 2611 1464 2659 ante
1519 2621 1624 2658 ras,
1675 2603 1744 2657 H
1789 2609 1920 2673 (ιιοιι
1973 2603 2076 2658 dcl.
2125 2603 2314 2676 H0).1{

297 2678 579 2730 3statum
622 2674 888 2728 inerudus
929 2674 1064 2742 GG,
1110 2676 1264 2729 statu
1308 2675 1634 2729 minerudus
1673 2674 1718 2729 S
1748 2675 1859 2741 (sed
1894 2676 1958 2728 in
1991 2691 2060 2728 m.
2091 2673 2216 2728 Set
2189 2674 2314 2728 tin

296 2746 543 2816 auidiis),
582 2748 793 2800 statum
796 2745 929 2816 ine,
928 2745 1099 2798 rudns
1131 2746 1219 2801 G0.
1274 2749 1294 2815 ΙΙ
1346 2752 1382 2798 4
1420 2744 1791 2815 congesticius
1832 2745 1910 2800 G·
1953 2743 2312 2799 coniesticius

295 2818 422 2874 HS.
472 2822 482 2888 Ι
530 2799 979 2871 fistucationibus
1016 2834 1070 2870 cc.
1118 2817 1136 2885 ΙΙ
1182 2822 1214 2870 6
1260 2833 1375 2870 ιιοιι
1421 2834 1521 2872 om.
1561 2816 1614 2871 S.
1660 2819 1679 2885 ΙΙ
1728 2821 1793 2868 10
1831 2815 2155 2870 sedentibus
2201 2816 2316 2889 515.ss

299 2895 365 2942 13
402 2905 605 2958 querco
640 2906 696 2943 x.
730 2890 739 2956 Ι
772 2885 1007 2956 querqui
1034 2888 1178 2969 HG,
1216 2887 1445 2956 quercui
1483 2887 1664 2956 S(G0).
1739 2889 2107 2956 perceperunt
2144 2888 2217 2956 (-ῑ·
2244 2887 2310 2956 S)

298 2960 430 3016 HS:
471 2959 608 3013 -rint
646 2959 713 3012 G.
769 2961 789 3028 ΙΙ
843 2964 909 3012 16
948 2957 1203 3026 quaercis
1240 2959 1321 3027 H,
1359 2957 1574 3027 quercis
1617 2958 1669 3013 G
1777 2961 1820 3026 (-
1799 2957 2029 3011 -οιέΓ--
1963 2995 2030 3004 ..-
2059 2957 2158 3012 cus
2188 2965 2316 3014 ante

294 3049 405 3086 ras.
434 3031 517 3100 S)
550 3031 559 3101 1
590 3029 854 3084 faciendu
885 3030 952 3083 G.
994 3031 1013 3099 ΙΙ
1057 3035 1121 3082 17
1158 3029 1386 3113 minum!
1428 3028 1504 3082 H.
1539 3030 1548 3099 Ι
1579 3028 1754 3082 clavis
1789 3028 1888 3082 fixi
1920 3027 1994 3084 G.
2033 3029 2181 3083 clavi
2216 3029 2316 3083 fixi

297 3102 423 3158 HS.
474 3107 484 3171 Ι
532 3101 977 3156 contenebuntur
1012 3101 1089 3155 H.
1162 3101 1251 3156 hic
1295 3102 1552 3155 lacunam
1595 3101 1810 3170 siqnific
1812 3103 1904 3156 avi
1939 3119 2102 3182 quam
2137 3118 2164 3155 e

299 3173 645 3228 Faventinus
668 3175 748 3227 sic
765 3189 827 3241 Ρ.
856 3175 984 3238 301,
1001 3175 1075 3225 24
1104 3171 1206 3244 <et
1230 3170 1474 3253 primum
1500 3170 1561 3224 in
1591 3170 1804 3225 directo
1836 3170 2064 3225 iactatis
2094 3170 2186 3224 axi

299 3243 659 3313 sequentibus
695 3243 757 3297 in
783 3245 1101 3298 transverso
1130 3241 1381 3315 stratis).
1438 3244 1506 3310 cf.
1529 3259 1590 3311 Ρ.
1621 3245 1858 3310 302,18.
1887 3244 1905 3311 ΙΙ
1935 3247 2000 3295 19
2032 3257 2162 3294 axes
2191 3215 2318 3296 bini

300 3314 497 3370 clavis.
538 3314 659 3369 axis
696 3312 818 3367 bini
854 3313 1009 3383 (boni
1050 3313 1140 3381 G0,
1174 3321 1239 3368 ut
1269 3314 1408 3369 Fav.
1441 3315 1624 3368 codun
1591 3330 1713 3382 υ.Ρ
1745 3316 1866 3380 301,
1885 3315 1980 3382 25)
2021 3310 2167 3366 clavi
2201 3330 2256 3366 x.
2294 3312 2316 3386 ΙΙ

334 3385 601 3457 Oanguli
625 3387 823 3456 x.1122
860 3385 992 3440 filex
1020 3384 1169 3441 HG·
1208 3384 1349 3439 silex
1376 3384 1420 3440 S
1441 3383 1580 3454 (filix
1613 3383 1791 3453 Fav..)
1849 3384 1916 3450 cf.
1949 3383 2210 3453 Mayhoff
2238 3386 2318 3439 ad

300 3390 448 3511 2Plin.
476 3460 569 3525 24,
586 3461 677 3511 85.
732 3459 751 3525 ΙΙ
806 3463 873 3510 24
910 3456 1009 3524 qui
1042 3474 1085 3510 x
1118 3458 1203 3526 (ut
1238 3456 1419 3526 Fau).
1475 3457 1493 3525 ΙΙ
1548 3460 1616 3508 25
1653 3454 1914 3508 inductus
1955 3473 2012 3508 α’.
2065 3467 2076 3482 ·

404 3555 607 3595 Vmuv.
638 3555 693 3594 de
725 3565 802 3594 arc
754 3555 900 3594 rcehit
903 3558 962 3594 ct.
990 3555 1060 3595 ed.
1088 3555 1236 3596 Rose
1212 3567 1250 3596 e.
1896 3549 1958 3620 l‚l
