2664 3927
775 1007 895 1078 Ad
951 1008 1418 1080 Faventinusm
1470 1014 1632 1078 nota
1685 1007 1876 1078 haec:

455 1159 748 1230 Epitomae
801 1167 1008 1215 textwm
1061 1161 1192 1216 olim
1244 1177 1312 1214 ex
1366 1162 1545 1216 tribus
1588 1161 1862 1216 codicibus
1906 1177 2039 1216 saec.
2082 1163 2145 1215 X
2176 1180 2213 1216 a
2259 1180 2338 1217 me

311 1233 524 1287 collatis
567 1233 772 1286 editum
815 1233 1134 1302 simpliciter
1177 1248 1326 1286 nwnc
1369 1239 1577 1300 repeto,
1625 1233 1841 1286 nomine
1886 1237 2103 1285 tantwm
2148 1234 2337 1288 addito

313 1304 583 1370 auctori8,
639 1320 793 1372 quem
845 1304 910 1357 in
953 1305 1200 1373 cataloyo
1245 1303 1520 1372 Anyiensi
1568 1306 1643 1370 (et
1686 1303 1900 1356 saeculo
1944 1307 2113 1369 nono)
2162 1306 2336 1359 tradi-

181 1427 206 1436 ,
313 1382 430 1429 tum
479 1391 546 1428 ex
597 1375 896 1443 exemplari
939 1377 1178 1430 restituit
1220 1375 1273 1428 J.
1314 1373 1529 1442 Haupt.
1608 1373 1783 1428 libello
1832 1375 1947 1426 iam
1996 1390 2033 1426 a
2079 1373 2340 1430 Palladio

312 1451 560 1514 excerpto
589 1447 875 1514 praefixus
909 1447 1053 1500 idem
1088 1447 1284 1500 titulus
1318 1447 1416 1515 qui
1452 1446 1652 1515 Zeyitwr
1675 1447 1740 1498 in
1774 1445 1909 1508 folio
1938 1443 2341 1515 Salisburqensi

314 1516 389 1570 M.
451 1515 572 1570 Ceti
628 1515 924 1570 Faventim
979 1515 1116 1570 artis
1173 1515 1646 1570 architectonicae
1699 1513 1937 1585 privatis
1991 1514 2187 1568 usibus
2244 1516 2340 1570 ad-

316 1587 602 1641 breviatus
647 1587 816 1654 liber,
862 1595 1110 1642 servatwr
1155 1591 1318 1642 etiam
1362 1591 1427 1642 in
1471 1589 1705 1642 editione
1752 1587 1827 1640 ad
1872 1588 2053 1655 ipsum
2098 1586 2343 1643 Vitruvii

313 1665 520 1713 textum
569 1665 680 1713 toto
729 1665 909 1713 tenore
959 1660 1279 1728 interpolati
1327 1659 1529 1713 codicis
1580 1658 1996 1725 Scletstatensi3‚
2050 1675 2213 1727 quam
2266 1661 2341 1714 ad

309 1731 489 1784 simile
517 1731 795 1798 exemplem·
823 1731 981 1797 quale
1015 1731 1201 1796 fuerat
1227 1729 1655 1800 Salisburyense,
1690 1745 1795 1783 sua
1820 1729 1929 1782 sibi
1956 1745 2142 1798 opera,
2178 1746 2341 1798 quam

311 1807 495 1854 tamen
522 1800 596 1853 ad
631 1801 793 1866 fimem
827 1816 942 1854 non
970 1801 1253 1868 perduxit,
1291 1801 1482 1854 doctus
1518 1800 1743 1868 quidam
1778 1800 2073 1854 monachus
2110 1801 2343 1867 confecit

313 1887 451 1925 saec.
492 1871 574 1936 X,
627 1887 742 1924 non
793 1871 968 1924 solum
1013 1871 1356 1938 explanandi
1401 1871 1627 1925 consilio
1671 1877 1722 1924 et
1767 1871 2103 1940 corrigendi,
2155 1888 2341 1926 verum

314 1943 479 1996 etiam
523 1911 832 2011 supplendi.
906 1942 985 1997 sic
1020 1943 1196 1996 eodem
1231 1942 1447 1997 saeculo
1484 1947 1675 1996 auctor
1710 1941 1911 1996 codicis
1952 1941 2206 1997 Gudiani
2241 1943 2343 2013 (E)

314 2014 603 2081 epitomum
660 2012 963 2067 Faventini
1009 2014 1224 2082 parmis
1280 2013 1625 2069 Vitruviamis
1680 2014 1907 2082 laryiter
1958 2016 2159 2067 assutis
2212 2031 2341 2084 sup-

305 2083 495 2153 plevit.
553 2090 714 2153 atque
733 2090 924 2152 postea
951 2087 1115 2139 etiam
1148 2086 1306 2139 novis
1342 2085 1605 2154 capitulis
1640 2084 1847 2139 additis
1882 2090 1932 2138 et
1964 2085 2179 2153 alieniS,
2214 2086 2341 2154 ipsa

314 2171 523 2223 quoque
558 2156 622 2207 in
655 2156 890 2225 singuli-9
927 2156 1156 2209 subinde
1183 2161 1400 2209 mutata
1436 2156 1681 2209 lectionis
1705 2155 1893 2223 specie,
1928 2172 2073 2210 nova
2103 2159 2341 2211 recensio

261 2290 265 2294 ,
313 2226 575 2295 epitomae
593 2227 934 2293 conformata
951 2232 1045 2293 est,
1073 2243 1210 2309 quae
1236 2228 1426 2281 multis
1450 2228 1665 2281 saeculo
1686 2226 1823 2280 XII
1831 2232 1883 2281 et
1902 2227 2073 2281 XIII
2081 2229 2341 2295 exemplis

312 2298 592 2363 ferebatur
619 2298 707 2369 (cf.
730 2298 910 2366 praef.
940 2298 1020 2351 ed.
1049 2299 1179 2351 mai.
1202 2313 1262 2366 p.
1293 2312 1385 2352 XI.-
1414 2298 1560 2351 addo
1585 2314 1736 2351 nunc
1772 2299 1886 2352 cod.
1917 2298 2179 2352 Laudwn.
2211 2301 2337 2352 403.

314 2370 408 2423 sed
453 2369 599 2438 quod
651 2370 716 2423 de
763 2369 1130 2422 qudunensi
1173 2372 1349 2422 4261>i⁸
1392 2368 1645 2423 Palladii
1688 2385 1825 2423 saec.
1876 2370 1981 2422 IX
2026 2385 2180 2437 quem
2224 2369 2341 2437 ipse

313 2441 434 2494 vidi
469 2457 537 2494 ex
565 2456 753 2509 proyr.
790 2456 888 2494 suo
937 2440 1077 2493 armi
1113 2442 1263 2493 1879
1299 2439 1496 2508 repetit
1532 2440 1592 2493 J.
1624 2438 1679 2493 0.
1710 2438 1935 2493 Schmitt
1974 2440 2039 2493 in
2073 2441 2153 2493 ed.
2193 2439 2337 2495 Pall.

315 2514 467 2565 1898
505 2530 564 2580 Ρ.
612 2522 706 2570 VH,
752 2511 852 2565 hoc
895 2511 1064 2564 nihili
1107 2513 1202 2579 est)
1249 2527 1479 2579 quorum
1521 2511 1764 2564 omnium
1813 2510 2028 2578 quidem
2076 2512 2340 2579 codicum,

317 2583 415 2649 qui
461 2588 561 2635 aut
603 2588 810 2637 temtum
855 2582 1176 2651 simpliciter
1210 2586 1462 2649 repetunt
1496 2587 1596 2636 aut
1630 2582 1763 2635 certi
1804 2581 2089 2635 cuiusdam
2124 2584 2342 2637 consilii

320 2652 556 2706 arbitrio
599 2654 956 2707 intercedente
1000 2657 1359 2719 commutant,
1403 2653 1548 2705 inter
1591 2668 1645 2705 se
1690 2652 1937 2705 lectiones
1973 2655 2340 2721 comparando

318 2723 662 2791 separandae
697 2730 844 2790 sunt,
878 2740 992 2777 non
1018 2694 1450 2790 confundendae.
1508 2728 1669 2791 atque
1695 2728 1900 2777 teoetwm
1936 2724 2161 2777 editoris
2186 2724 2339 2779 Ano-

315 2795 472 2863 nymi
501 2792 892 2848 Scletstatensis
921 2796 1017 2863 qui
1045 2796 1354 2864 antiquiore
1372 2794 1662 2863 paulisper
1688 2800 1739 2848 et
1764 2795 1981 2847 saniore
2006 2796 2185 2849 codice
2208 2811 2343 2850 usus

318 2866 534 2932 fuerat,
579 2866 852 2919 erroribus
895 2866 1221 2933 quibusdam
1269 2866 1387 2919 suis
1432 2882 1499 2919 ex
1542 2866 1673 2919 meis
1722 2864 1999 2919 codicibus
2038 2872 2341 2936 puryatum

318 2953 500 3005 nuper
532 2937 707 2990 edidit
735 2934 899 2989 Frid.
895 2883 1128 2989 quohm
1154 2936 1395 3005 (Quae-st.
1426 2936 1635 2990 Vitruv.
1657 2936 1859 3004 partic.
1887 2936 1938 2990 I.
1975 2936 2127 2991 Dice.
2156 2938 2339 2992 Berol.

317 3010 511 3076 1896),
551 3023 642 3077 eqo
679 3007 858 3075 ipsius
893 3007 1090 3061 iterum
1123 3010 1387 3076 epitomae
1422 3013 1629 3061 teoewm
1654 3012 1969 3075 corruptum
2000 3010 2215 3077 quidem
2249 3010 2343 3063 sed

315 3080 584 3133 traditum
619 3078 885 3147 praebui,
927 3078 1012 3131 ita
1056 3084 1236 3133 tamen
1279 3084 1345 3133 ut
1388 3094 1525 3147 quae
1562 3078 1772 3146 perditi
1817 3078 1971 3133 illius
2006 3080 2207 3133 codicis
2241 3096 2341 3147 ope

317 3151 589 3204 mutanda
622 3149 968 3214 videbamtur,
1005 3149 1080 3202 ad
1113 3150 1273 3215 finem
1307 3149 1603 3204 voluminis
1636 3156 1893 3203 notarem.
1932 3180 2001 3189 ·-
2038 3150 2202 3203 Addo
2236 3150 2342 3215 hic,

320 3222 463 3289 quod
491 3220 543 3275 S.
567 3219 632 3273 G.
662 3220 728 3273 de
758 3219 912 3273 Vries
937 3218 1197 3273 Leidensi
1223 3221 1401 3287 debeo,
1426 3222 1591 3275 etiam
1616 3220 1786 3273 solius
1816 3220 2055 3274 Vitruvii
2081 3222 2341 3299 capitulis

319 3292 580 3371 conyestis
616 3291 906 3359 epitomam
932 3290 1210 3358 quandam
1229 3293 1531 3361 praebere,
1535 3291 1843 3413 ,sumptura
1865 3306 1934 3343 ex
1959 3289 2104 3343 libro
2131 3288 2339 3343 vintru-

317 3359 398 3413 vii
446 3361 514 3414 de
563 3360 972 3415 architectura“
1018 3360 1330 3415 Architecti
1383 3364 1469 3415 est
1518 3334 1798 3414 'seientia.
1876 3403 1886 3413 .
1935 3360 2135 3415 codicis
2179 3360 2337 3415 Leid.

329 3431 476 3486 Voss.
514 3433 610 3499 fol
650 3436 722 3487 93
769 3434 827 3502 (f.
866 3436 1162 3501 46—6802)
1207 3450 1343 3487 saec.
1384 3434 1560 3487 XIII.

459 3504 535 3558 ad
561 3521 622 3573 p.
663 3508 783 3571 285,
804 3509 835 3556 2
873 3502 1053 3557 Pollio
1099 3506 1170 3571 fr.
1219 3505 1385 3559 Vind.
1442 3505 1459 3571 u
1514 3508 1547 3555 4
1586 3500 1844 3555 ordinare
1880 3502 1970 3570 (cf.
2001 3518 2058 3569 Ρ.
2092 3504 2217 3568 311,
2242 3503 2339 3571 26)

423 3621 716 3663 V1wnuv.de
750 3633 801 3661 ar
779 3620 984 3661 rchitect.
1015 3620 1084 3661 ed.
1113 3621 1274 3661 Boeo.
1916 3612 1983 3659 20
