2664 3927
686 154 782 207 DE
820 153 1378 208 ARCHITECTURA
1412 153 1546 209 LIB.
1584 153 1704 223 VII,
1743 160 1791 207 5.
1831 160 1862 207 6
2157 155 2283 218 173

140 316 243 367 (25)
265 306 420 365 tales
482 305 759 365 fecissent
820 303 913 361 uti
973 302 1315 379 Licymnius
1380 303 1754 363 revivisceret
1817 307 1878 362 et
1917 298 1925 383 Ι
1967 305 2286 382 corrigeret

110 404 149 458 1
163 403 245 458 75
265 396 422 454 hanc
494 394 817 453 amentiam
878 393 1376 468 tectoriorumque
1441 394 1704 451 errantia
1764 392 2058 452 instituta.
2117 390 2126 471 Ι
2185 394 2287 453 sed

271 502 453 559 quare
499 482 703 543 vincat
745 482 1059 540 veritatem
1111 480 1267 539 ratio
1321 482 1503 556 falsa,
1558 500 1677 540 non
1727 482 1841 541 erit
1886 481 1963 539 ali
1971 501 2146 540 enum
2191 502 2284 539 ex-

268 592 503 649 ponere.
596 570 755 647 quod
810 570 967 628 enim
1013 570 1243 646 antiqui
1290 570 1650 630 insumentes
1704 570 1968 629 laborem
2013 574 2075 629 et
2119 570 2286 628 indu-

212 679 239 720 5
270 661 481 720 striam
524 660 775 737 probare
822 657 1255 717 contendebant
1298 659 1543 734 artibus,
1589 659 1651 717 id
1696 679 1851 718 nunc
1887 658 2180 719 coloribus
2227 661 2289 716 et

272 770 475 810 eorum
538 748 799 825 eleganti
862 746 1054 822 specie
1118 751 1529 823 consecuntur,
1603 751 1664 806 et
1737 767 1915 824 quam
1987 747 2286 807 subtilitas

187 848 252 899 (5)
274 838 518 900 artificis
574 826 888 917 adicie2bat
941 834 1214 910 operibus
1264 835 1708 911 auctoritatem,
1761 856 1915 896 nunc
1960 835 2304 895 dominicus·

272 930 543 1003 sumptus
591 923 773 985 efficit
816 943 890 983 ne
927 923 1303 982 desideretur.
1371 924 1502 999 quis
1539 924 1697 983 enim
1741 926 2126 1001 antiquorum
2169 944 2289 983 non
2325 939 2358 988 8

273 1016 366 1075 uti
410 1014 837 1073 medicamento
882 1012 1067 1073 minio
1112 1030 1287 1087 parce
1323 1012 1558 1072 videtur
1601 1032 1740 1072 usus
1787 1013 1951 1073 esse?
2026 1018 2091 1073 at
2134 1033 2289 1073 nunc

189 1124 245 1164 ιο
273 1104 501 1181 passim
552 1104 898 1178 plerumque
952 1102 1068 1159 toti
1120 1101 1378 1176 parietes
1432 1101 1806 1159 inducuntur.
1897 1102 2124 1163 accedit
2176 1104 2290 1161 huc

275 1191 661 1267 chrysocolla,
705 1193 947 1265 ostrum,
992 1191 1337 1247 armenium.
1408 1190 1555 1248 haec
1589 1208 1729 1248 vero
1766 1209 1900 1251 cum
1933 1190 2292 1250 inducuntur

160 1292 257 1344 (1⁰)
278 1281 393 1340 etsi
434 1300 553 1339 non
598 1280 672 1337 ab
720 1282 847 1337 arte
884 1281 1021 1339 sunt
1061 1272 1069 1356 Ι
1109 1278 1325 1354 posita,
1368 1279 1663 1355 fulgentes
1701 1279 2003 1339 oculorum
2038 1280 2293 1338 reddunt

276 1370 457 1445 visus»,
504 1372 563 1428 et
607 1369 741 1426 ideo
789 1368 946 1444 quod
989 1367 1252 1443 pretiosa
1298 1370 1462 1441 sunt,
1507 1365 1736 1444 legibus
1783 1367 2170 1442 excipiuntur,
2223 1370 2292 1425 ut

279 1458 355 1517 ab
400 1458 636 1517 domino
683 1476 803 1517 non
848 1476 885 1514 a
928 1456 1299 1532 redemptore
1344 1458 1875 1531 repraesententur.
1923 1486 1930 1491 ·

196 1566 250 1607 15
412 1546 573 1616 Quae
620 1546 1117 1605 commonefacere
1162 1544 1334 1620 potui
1378 1547 1447 1603 ut
1492 1544 1565 1603 ab
1613 1563 1806 1603 errore
1852 1544 2188 1604 discedatur
2229 1546 2294 1603 in
2324 1554 2401 1607 VI

280 1656 455 1712 opere
508 1636 758 1695 tectorio
813 1634 959 1693 satis
1015 1634 1257 1709 exposui
1270 1679 1285 1708 ‚
1349 1653 1506 1693 nunc
1561 1634 1632 1691 de
1685 1634 2174 1709 apparationibus
2228 1637 2298 1692 ut

166 1736 261 1787 (15)
281 1716 632 1806 ειιοΙουποΥθ
685 1722 950 1800 potuerit
1003 1722 1221 1797 dicam,
1276 1725 1338 1781 et
1391 1722 1648 1797 primum
1694 1723 1975 1798 quoniam
2020 1724 2091 1782 de
2137 1724 2296 1781 calce

280 1813 453 1871 initio
502 1816 592 1871 est
635 1812 879 1884 dictum,
920 1830 1077 1869 nunc
1124 1810 1195 1869 de
1239 1830 1532 1870 marmore
1579 1830 1814 1887 ponam.

414 1901 676 1960 Marmor
728 1920 849 1959 non
912 1899 1117 1958 eodem
1180 1918 1392 1976 genere
1448 1900 1717 1960 omnibus
1771 1900 2107 1979 regionibus
2161 1919 2296 1978 pro-

203 2011 256 2050 20
287 1992 546 2065 creatur,
600 1989 701 2048 sed
750 1988 1100 2064 quibusdam
1153 1989 1298 2048 locis
1345 1989 1592 2066 glaebae
1636 1994 1705 2049 ut
1749 1991 1890 2050 salis
1935 1991 2120 2050 micas
2168 2011 2298 2066 per-

285 2079 510 2138 lucidas
545 2078 829 2137 habentes
864 2080 1201 2152 nascuntur,
1246 2097 1400 2153 quae
1437 2081 1716 2138 contusae
1753 2083 1812 2156 et
1845 2079 2089 2138 molitae
2128 2099 2298 2156 prae-

174 2179 263 2231 (20)
285 2171 449 2228 stant
492 2158 783 2250 opelribus
827 2166 1168 2225 utilitatem.
1252 2167 1464 2242 quibus
1511 2170 1711 2226 autem
1754 2169 1900 2228 locis
1945 2187 2049 2227 eae
2095 2168 2300 2244 copiae

284 2278 403 2318 non
440 2259 595 2332 sunt,
642 2259 949 2316 caementa
984 2274 1331 2330 marmorea,
1378 2256 1502 2314 sive
1540 2258 1770 2316 assulae
1808 2257 2099 2332 dicuntur,
2147 2277 2298 2333 quae

283 2345 658 2406 marmorarii
695 2364 763 2404 ex
800 2344 1073 2420 operibus
1110 2344 1388 2420 deiciunt,
1427 2345 1866 2404 contunduntur
1893 2348 1954 2404 et
1979 2346 2300 2420 moluntur,

436 2503 479 2550 1-
505 2497 593 2550 uti
627 2495 851 2550 licinius
880 2496 947 2549 H
957 2497 1030 2552 Ge
1068 2494 1356 2551 utlicinius
1385 2496 1438 2552 S.
1485 2499 1504 2566 ΙΙ
1550 2502 1582 2550 6
1621 2495 1857 2566 eliganti
1897 2498 2015 2554 GS:
2060 2497 2301 2567 aliganti

289 2570 364 2624 H.
403 2573 422 2638 ΙΙ
459 2575 489 2621 9
531 2570 591 2621 at
618 2568 744 2622 GSz
784 2568 857 2621 ad
886 2568 962 2621 H.
998 2569 1019 2635 ΙΙ
1056 2572 1119 2621 11
1160 2567 1448 2622 armoenifi
1481 2568 1547 2621 Cr.
1589 2568 1608 2637 ΙΙ
1650 2573 1715 2620 12
1753 2584 1866 2622 non
1901 2568 1974 2622 ab
2013 2570 2134 2621 arte
2163 2568 2298 2624 HS:

285 2645 437 2695 nona
472 2641 634 2708 parte
672 2641 791 2709 (sic)
822 2639 911 2694 Ge.
940 2640 959 2708 ΙΙ
989 2644 1054 2692 15
1092 2638 1570 2693 cummonefacere
1599 2639 1678 2706 H,
1716 2648 1943 2692 comone
1968 2639 1975 2710 Ι
1998 2639 2181 2692 facere
2222 2641 2298 2694 G:

287 2719 521 2765 comune
563 2710 746 2764 facere
784 2709 963 2779 Sffi'c).
1011 2712 1029 2777 ΙΙ
1077 2715 1142 2764 16
1182 2708 1631 2779 apparitionibus
1666 2726 1722 2763 ω.
1768 2711 1788 2778 ΙΙ
1832 2714 1896 2761 21
1935 2707 2154 2780 mollite
2193 2709 2246 2763 S.

290 2788 357 2836 22
389 2798 489 2836 eae
518 2781 585 2834 H
594 2782 668 2836 G:
706 2780 811 2854 hee
842 2782 951 2836 Es
974 2780 1064 2853 (he
1094 2781 1206 2849 Εὖ).
1236 2783 1255 2850 ΙΙ
1284 2785 1351 2834 23
1383 2779 1587 2834 assilae
1617 2780 1684 2833 H
1693 2779 1762 2846 G,
1799 2779 1874 2832 -le
1895 2780 1956 2834 E
1977 2778 2159 2851 (alsile
2181 2779 2263 2849 S).

292 2875 360 2922 24
398 2851 688 2924 deitiunt2·
717 2869 770 2925 S.
832 2869 840 2938 Ι
897 2868 1197 2923 moluntur.
1274 2868 1376 2940 <et
1421 2867 1589 2940 cum>
1636 2868 1722 2920 est
1770 2869 1821 2936 (e
1861 2867 1931 2933 G)
1985 2867 2304 2922 suberetum

288 2942 403 3010 (etc.
440 2943 528 2996 uti
560 2943 722 3013 vulqo
750 2947 879 3010 post
916 2939 1106 2994 aridus
1135 2958 1196 3009 p.
1226 2943 1359 3007 178,
1377 2941 1494 3006 25):
1533 2937 1878 2992 molliuntur.
1911 2939 1920 3008 Ι
1951 2938 1997 2991 Sc
2025 2937 2120 3008 (Et
2151 2938 2222 3007 G)
2252 2937 2302 2990 is

289 3011 389 3080 qui
425 3027 493 3065 ex
536 3011 625 3066 his
662 3019 755 3066 etc.
792 3015 871 3080 (p.
900 3015 1027 3079 177,
1049 3017 1119 3066 10
1142 3029 1276 3081 -10-
1308 3013 1441 3077 178,
1457 3012 1554 3079 25)
1590 3027 1645 3064 x.
1719 3010 1980 3076 foliorum
2023 3027 2305 3080 rerumque

290 3084 533 3138 ordinem
567 3085 808 3138 restituit
842 3083 1010 3138 Iocun
1018 3083 1122 3136 dus
1158 3083 1403 3150 primuS,
1447 3081 1641 3135 deinde
1668 3087 1952 3151 perspecta
1987 3098 2157 3136 causa
2190 3098 2304 3136 cor-

288 3155 487 3209 rectius
525 3154 578 3209 0.
618 3154 938 3209 Loreritzeu.
1017 3169 1199 3208 versus
1251 3153 1341 3206 hic
1393 3153 1472 3206 sic
1523 3152 1783 3207 scribitur
1833 3154 1898 3207 in
1934 3152 2004 3206 H
2040 3153 2100 3221 (f.
2133 3154 2304 3221 102⁶).

290 3232 354 3279 ut
388 3231 625 3279 extrema
651 3241 792 3295 pars
828 3226 1042 3280 circiter
1062 3229 1280 3305 ‚quarta
1298 3224 1490 3303 ‘lineae
1523 3240 1698 3279 vacua
1736 3225 1930 3278 relicta
1963 3226 2038 3278 sit
2071 3225 2150 3278 sic

292 3338 448 3419 ciunt
469 3311 900 3421 'contundunt‘ifr
924 3293 1362 3446 ffeggfliuggdr.

294 3436 339 3488 ἃ,
374 3436 423 3490 is
460 3437 558 3505 qui
595 3454 662 3491 ex
698 3437 797 3491 his*
824 3437 897 3490 ab
934 3435 1083 3506 ignis
1120 3453 1329 3504 vapore
1367 3436 1552 3489 fumus
1589 3435 1904 3490 suscitatur.

291 3509 355 3562 in
379 3511 721 3578 sequentibus
745 3515 924 3563 autem
953 3507 1020 3560 H
1040 3511 1079 3575 s.
1104 3511 1241 3562 104a
1265 3515 1316 3562 et
1343 3513 1482 3562 1052
1506 3510 1720 3562 nullum
1745 3513 1913 3562 restat
1938 3508 2124 3562 hiatus
2150 3511 2306 3564 vesti-
