2664 3927
813 158 908 213 DE
945 157 1508 214 ARCHITECTURA
1544 159 1675 214 LIB.
1714 160 1781 229 V,
1825 168 1849 213 1
2214 161 2339 225 103

318 312 409 368 est
443 310 810 387 gladiatoria
855 329 1118 369 munera·
1144 311 1209 368 in
1243 311 1375 369 foro
1414 310 1557 368 dari.
1631 310 1817 387 igitur
1854 310 2072 369 circum
2109 315 2337 388 specta·
2376 329 2409 376 2

233 408 298 460 (⁵)
318 398 450 456 cula
491 395 894 477 {spatiosiora
956 399 1412 457 intercolumnia
1464 398 1897 457 distribuantur
1950 400 2219 476 circaque
2276 402 2339 458 in

315 489 641 562 porticibus
697 487 1068 565 argentariae
1120 487 1403 546 tabernae
1454 487 1883 563 maenianaque
1938 490 2338 564 superioribus

317 577 760 636 coaxationibus
815 577 1220 651 conlocentur,
1277 596 1429 652 quae
1484 579 1545 635 et
1592 577 1667 634 ad
1712 596 1882 636 usum
1930 580 1990 636 et
2036 579 2111 636 ad
2156 578 2339 638 vecti-

264 684 288 725 5
316 667 478 743 galia
522 666 760 742 publica
805 668 963 724 recte
1011 668 1184 723 erunt
1229 665 1535 741 disposita.

447 754 887 832 Magnitudines
935 757 1135 812 autem
1181 753 1255 812 ad
1292 756 1525 830 copiam
1568 754 1874 813 homin‘um
1911 757 2147 830 oportet
2190 755 2337 829 fieri,

205 835 327 926 (10)Ι
359 864 433 903 ne
477 863 729 919 parvum
773 843 1034 919 spatium
1079 842 1159 901 sit
1205 842 1281 900 ad
1325 863 1499 902 usum
1546 846 1649 901 aut
1684 863 1758 902 ne
1794 847 2039 919 propter
2072 844 2338 922 inopiam

313 932 524 1008 populi
565 935 803 991 vastum
845 933 1041 990 forum
1075 931 1365 990 videatur.
1436 931 1693 990 latitudo
1733 935 1933 991 autem
1965 933 2054 991 ita
2096 932 2340 991 finiatur

313 1022 407 1080 uti
448 1021 761 1098 longitudo
806 1021 869 1078 in
913 1023 1034 1079 tres
1071 1023 1271 1096 partes
1309 1039 1444 1078 cum
1479 1020 1670 1079 divisa
1705 1022 1903 1096 fuerit,
1952 1021 2147 1094 enhis
2186 1022 2336 1080 duae

239 1130 291 1168 10
318 1113 514 1185 partes
561 1111 617 1168 ei
662 1109 890 1167 dentur.
981 1109 1068 1167 ita
1115 1109 1272 1167 enim
1319 1109 1433 1167 erit
1479 1108 1733 1186 oblonga
1780 1110 1905 1168 eius
1949 1111 2227 1170 formatio
2276 1114 2337 1169 et

319 1199 390 1256 ad
453 1198 923 1274 spectaculorum
989 1198 1283 1256 rationem
1351 1197 1517 1256 utilis
1588 1197 1915 1272 dispositio.
2025 1200 2333 1258 columnae
2370 1217 2402 1264 3

206 1298 296 1350 (15)
318 1288 642 1363 superiores
683 1282 692 1365 Ι
733 1289 947 1362 quarta
981 1289 1154 1363 parte
1188 1286 1447 1345 minores
1484 1305 1666 1362 quam
1699 1286 2005 1364 inferiores
2034 1291 2173 1346 sunt
2200 1307 2335 1347 con-

318 1376 674 1450 stituendae,
737 1379 1053 1452 propterea
1117 1375 1276 1451 quod
1332 1375 1498 1434 oneri
1549 1375 1789 1433 ferendo
1848 1394 1999 1450 quae
2054 1380 2193 1434 sunt
2245 1377 2334 1435 in-

315 1466 529 1525 feriora
580 1465 842 1524 firmiora
897 1465 1113 1528 debent
1167 1483 1294 1523 esse
1352 1483 1530 1539 quam
1584 1464 1915 1539 superiora,
1967 1483 2086 1524 non
2139 1466 2335 1524 minus

236 1573 288 1614 15
317 1555 470 1629 quod
534 1556 716 1613 etiam
778 1555 1148 1612 nascentium
1201 1556 1440 1629 oportet
1491 1553 1718 1611 imitari
1774 1557 2077 1628 naturam,
2140 1557 2210 1612 ut
2271 1557 2336 1612 in

315 1643 616 1702 arboribus
637 1680 643 1686 ·
668 1643 983 1719 teretibus,
1041 1642 1234 1701 abiete
1280 1661 1556 1717 cupresso
1601 1642 1775 1717 pinu,
1831 1662 1862 1700 e
1896 1631 2122 1717 'quibus
2168 1643 2335 1701 nulla

203 1743 294 1792 (20)
314 1751 433 1790 non
478 1732 726 1792 crassior
771 1734 862 1790 est
907 1731 980 1790 ab
1025 1725 1341 1806 radicibus,
1382 1726 1390 1809 Ι
1432 1731 1641 1790 deinde
1677 1750 1812 1790 cum
1848 1731 2157 1790 crescendo
2198 1751 2333 1808 pro-

316 1819 472 1878 cedit
513 1821 577 1879 in
623 1820 1001 1879 altitudinem
1045 1821 1307 1878 naturali
1355 1823 1731 1878 contractura
1767 1823 2165 1896 peraequatur
2200 1841 2334 1879 nas-

315 1925 450 1967 cens
497 1909 570 1967 ad
615 1927 906 1979 cacumen.
983 1927 1122 1987 ergo
1169 1909 1220 1969 si
1265 1911 1481 1968 natura
1521 1910 1890 1969 nascentium
1924 1909 2013 1969 ita
2048 1911 2333 1986 postulat,

232 2018 286 2057 20
314 2000 472 2056 recte
535 1982 623 2057 esi:
685 1998 1077 2057 constitutum
1140 2002 1201 2057 et
1257 1998 1671 2058 altitudinibus
1727 2002 1788 2058 et
1842 1999 2331 2059 crassitudinibus

313 2086 616 2162 superiora
658 2086 1006 2145 inferiorum
1047 2087 1180 2145 fieri
1225 2088 1640 2147 contractiora.
2208 2146 2215 2153 ,

444 2176 835 2234 Basilicarum
870 2175 1002 2234 loca
1040 2176 1318 2234 adiuncta
1355 2177 1499 2235 foris
1538 2196 1716 2251 quam
1744 2177 2117 2236 calidissimis
2143 2179 2330 2253 parti-
2367 2194 2403 2242 4

199 2276 293 2328 (25)
318 2256 326 2346 Ι
348 2264 456 2323 bus
505 2267 739 2340 oportet
785 2264 1086 2341 constitui,
1129 2268 1199 2323 ut
1241 2284 1351 2341 per
1394 2265 1646 2324 hiemem
1693 2266 1818 2324 sine
1863 2265 2138 2325 molestia
2181 2269 2330 2324 tem-

309 2354 635 2429 pestatium
679 2371 741 2412 se
787 2354 1051 2411 conferre
1096 2354 1161 2412 in
1207 2373 1304 2412 eas
1351 2354 1753 2431 negotiatores
1798 2355 2055 2430 possint,
2102 2374 2330 2413 earum—

229 2462 282 2503 25
311 2461 424 2517 que
462 2441 809 2501 latitudines
846 2461 920 2500 ne
963 2442 1157 2502 minus
1197 2462 1376 2517 quam
1423 2462 1493 2500 ex
1536 2444 1735 2517 tertia,
1776 2463 1848 2502 ne
1894 2444 2029 2519 plus
2066 2438 2331 2522 (quam)

311 2551 382 2589 ex
435 2532 680 2589 dimidia
732 2530 1121 2607 longitudinis
1168 2532 1634 2606 constituantur,
1688 2532 1803 2591 nisi
1850 2532 1899 2590 si
1953 2532 2070 2591 loci
2114 2535 2329 2591 natura

81 2619 91 2628 ”
210 2664 222 2677 .
309 2620 625 2696 inpedierit
680 2622 740 2678 et
797 2619 972 2679 aliter
1017 2620 1276 2697 coegerit
1325 2622 1733 2697 symmetriam
1778 2621 2145 2680 commutari.
2237 2623 2329 2681 sin

197 2718 290 2767 (80)
311 2713 509 2768 autem
564 2711 726 2768 locus
768 2703 776 2787 Ι
819 2710 932 2767 erit
986 2710 1240 2785 amplior
1292 2710 1358 2768 in
1418 2709 1817 2787 longitudine,
1881 2709 2201 2769 chalcidica
2266 2711 2328 2767 in

171 2805 287 2861 1⁰6
309 2799 582 2858 extremis
629 2789 1111 2880 constiltuantur,
1156 2798 1248 2856 uti
1293 2801 1433 2857 sunt
1490 2799 1554 2856 in
1597 2798 1753 2857 Iulia
1798 2792 1944 2878 (et)
1988 2798 2327 2874 Aquiliana.

449 2974 481 3021 3
527 2966 937 3036 moenianaque
966 2967 1054 3036 H,
1099 2966 1288 3039 menia
1319 2970 1327 3037 Ι
1360 2984 1545 3036 naque
1577 2969 1647 3036 G,
1692 2967 1916 3023 moenia
1959 2975 2145 3037 naque
2174 2970 2219 3024 S
2258 2973 2329 3039 (et

305 3040 384 3093 sic
416 3040 546 3107 fort.
581 3040 654 3094 6⁰
672 3065 739 3084 =
760 3038 849 3107 L).
891 3040 910 3108 ΙΙ
950 3045 982 3091 6
1019 3037 1428 3109 magnitudinis
1457 3039 1513 3096 S.
1550 3042 1569 3107 ΙΙ
1606 3044 1673 3092 10
1710 3038 1764 3093 ei
1801 3040 2026 3095 dentur:
2064 3040 2330 3094 iubentur

305 3126 382 3167 x..
425 3111 444 3179 ΙΙ
510 3116 572 3163 11
621 3109 802 3164 utilis:
859 3113 919 3163 et
972 3112 1119 3180 (ante
1173 3111 1334 3179 corr.)
1377 3110 1443 3164 G.
1508 3112 1527 3179 ΙΙ
1591 3116 1657 3164 16
1704 3127 1963 3181 cupresso
2004 3112 2111 3167 GS
2158 3113 2241 3181 (ut
2287 3129 2329 3165 τι)

310 3184 506 3247 58,11.
545 3182 806 3250 156,11):
846 3197 1145 3251 cupraessu
1175 3180 1245 3234 H
1273 3182 1433 3250 (αι-α,-
1468 3184 1687 3251 58,20).
1744 3185 1763 3250 ΙΙ
1818 3188 1883 3235 17
1922 3200 2049 3237 cum
2085 3199 2186 3237 om.
2223 3200 2277 3236 x.
2314 3182 2321 3253 Ι

306 3268 628 3337 proceditur
655 3252 771 3338 (-t2
794 3270 865 3338 S)
896 3270 966 3324 H
967 3270 1024 3338 S,
1049 3268 1406 3339 progreditur
1425 3270 1493 3324 G.
1522 3271 1540 3339 ΙΙ
1570 3274 1636 3323 18
1663 3276 1886 3341 perae&²
1911 3269 2216 3340 GS)quata
2232 3288 2286 3325 ω.
2307 3270 2329 3343 ΙΙ

306 3344 375 3392 23
413 3340 837 3411 tempestatium
875 3341 960 3396 H:
1009 3343 1154 3394 -tum
1191 3340 1305 3397 GS.
1362 3343 1381 3411 ΙΙ
1434 3346 1502 3394 25
1539 3339 1667 3409 plus
1714 3358 1782 3397 ex
1826 3346 1946 3411 (om.
1986 3344 2177 3411 quam)
2212 3360 2269 3397 ω.
2305 3344 2327 3415 ΙΙ

308 3416 376 3464 26
422 3410 533 3465 nisi
588 3411 637 3465 si
690 3412 801 3466 loci
829 3412 918 3480 H,
971 3412 1082 3466 nisi
1130 3410 1222 3485 <si
1267 3414 1331 3467 in
1374 3412 1528 3485 ras.)
1574 3411 1685 3466 loci
1714 3413 1770 3481 S,
1824 3411 1935 3467 n'isi
1982 3411 2074 3465 sili
2116 3414 2167 3468 G
2204 3415 2327 3481 (ubi

308 3484 438 3570 sfl‘‹‘›³¹.
469 3517 578 3587 Ge).
625 3520 644 3587 ΙΙ
689 3523 757 3571 28
795 3517 1058 3587 chal(cal-
1089 3517 1342 3588 S)cidica
1377 3536 1433 3573 x.
1480 3520 1499 3589 ΙΙ
1544 3523 1611 3571 29
1650 3521 1707 3572 et
1744 3536 1842 3574 om.
1873 3510 1935 3573 ξε.
