<?xml version="1.0" encoding="UTF-8"?>
<!DOCTYPE html PUBLIC "-//W3C//DTD XHTML 1.0 Transitional//EN"
    "http://www.w3.org/TR/xhtml1/DTD/xhtml1-transitional.dtd">
<html xmlns="http://www.w3.org/1999/xhtml" xml:lang="en" lang="en">
 <head>
  <title>
</title>
<meta http-equiv="Content-Type" content="text/html;charset=utf-8" />
  <meta name='ocr-system' content='tesseract 3.04.00' />
  <meta name='ocr-capabilities' content='ocr_page ocr_carea ocr_par ocr_line ocrx_word'/>
</head>
<body>
  <div class='ocr_page' id='page_1' title='image "./vitruviidearchi00pollgoog_0141.png"; bbox 0 0 2664 3927; ppageno 0'>
   <div class='ocr_carea' id='block_1_1' title="bbox 805 157 2353 230">
    <p class='ocr_par' dir='ltr' id='par_1_1' title="bbox 805 157 2353 230">
     <span class='ocr_line' id='line_1_1' title="bbox 805 157 2353 230; baseline 0.01 -18"><span class='ocrx_word' id='word_1_1' title='bbox 805 159 902 213; x_wconf 89' lang='lat' dir='ltr'>DE</span> <span class='ocrx_word' id='word_1_2' title='bbox 939 157 1501 215; x_wconf 81' lang='lat' dir='ltr'><strong>ARCHITECTURA</strong></span> <span class='ocrx_word' id='word_1_3' title='bbox 1536 161 1669 215; x_wconf 90' lang='lat' dir='ltr'>LIB.</span> <span class='ocrx_word' id='word_1_4' title='bbox 1707 161 1775 230; x_wconf 89' lang='lat' dir='ltr'>V,</span> <span class='ocrx_word' id='word_1_5' title='bbox 1817 168 1843 214; x_wconf 95' lang='lat'><strong>1</strong></span> <span class='ocrx_word' id='word_1_6' title='bbox 2219 161 2353 226; x_wconf 80' lang='lat'>105</span> 
     </span>
    </p>
   </div>
   <div class='ocr_carea' id='block_1_2' title="bbox 318 310 2348 566">
    <p class='ocr_par' dir='ltr' id='par_1_2' title="bbox 318 310 2348 566">
     <span class='ocr_line' id='line_1_2' title="bbox 318 310 2348 388; baseline 0.001 -20"><span class='ocrx_word' id='word_1_7' title='bbox 318 314 490 387; x_wconf 87' lang='lat' dir='ltr'>parte</span> <span class='ocrx_word' id='word_1_8' title='bbox 537 331 671 370; x_wconf 88' lang='lat' dir='ltr'>cum</span> <span class='ocrx_word' id='word_1_9' title='bbox 724 311 1109 388; x_wconf 79' lang='lat' dir='ltr'><strong>angularibus</strong></span> <span class='ocrx_word' id='word_1_10' title='bbox 1146 331 1236 386; x_wconf 78' lang='lat' dir='ltr'>vl,</span> <span class='ocrx_word' id='word_1_11' title='bbox 1291 311 1425 370; x_wconf 89' lang='lat' dir='ltr'>ideo</span> <span class='ocrx_word' id='word_1_12' title='bbox 1474 310 1632 386; x_wconf 91' lang='lat' dir='ltr'>quod</span> <span class='ocrx_word' id='word_1_13' title='bbox 1684 311 1914 370; x_wconf 89' lang='lat' dir='ltr'>mediae</span> <span class='ocrx_word' id='word_1_14' title='bbox 1962 312 2110 371; x_wconf 82' lang='lat' dir='ltr'>duae</span> <span class='ocrx_word' id='word_1_15' title='bbox 2163 313 2227 371; x_wconf 93' lang='lat' dir='ltr'>in</span> <span class='ocrx_word' id='word_1_16' title='bbox 2276 332 2348 372; x_wconf 89' lang='lat' dir='ltr'>ea</span> 
     </span>
     <span class='ocr_line' id='line_1_3' title="bbox 318 400 2345 476; baseline 0.001 -18"><span class='ocrx_word' id='word_1_17' title='bbox 318 403 489 476; x_wconf 88' lang='lat' dir='ltr'>parte</span> <span class='ocrx_word' id='word_1_18' title='bbox 533 419 653 458; x_wconf 91' lang='lat' dir='ltr'>non</span> <span class='ocrx_word' id='word_1_19' title='bbox 699 403 840 459; x_wconf 90' lang='lat' dir='ltr'>sunt</span> <span class='ocrx_word' id='word_1_20' title='bbox 883 400 1114 475; x_wconf 77' lang='lat' dir='ltr'>positae</span> <span class='ocrx_word' id='word_1_21' title='bbox 1159 419 1234 458; x_wconf 93' lang='lat' dir='ltr'>ne</span> <span class='ocrx_word' id='word_1_22' title='bbox 1270 400 1582 475; x_wconf 77' lang='lat' dir='ltr'>inpediant</span> <span class='ocrx_word' id='word_1_23' title='bbox 1620 404 1895 475; x_wconf 89' lang='lat' dir='ltr'>aspectus</span> <span class='ocrx_word' id='word_1_24' title='bbox 1931 403 2143 476; x_wconf 90' lang='lat' dir='ltr'>pronai</span> <span class='ocrx_word' id='word_1_25' title='bbox 2181 403 2345 461; x_wconf 84' lang='lat' dir='ltr'>aedis</span> 
     </span>
     <span class='ocr_line' id='line_1_4' title="bbox 318 489 2343 566; baseline 0.002 -20"><span class='ocrx_word' id='word_1_26' title='bbox 318 489 608 566; x_wconf 77' lang='lat' dir='ltr'>Augusti,</span> <span class='ocrx_word' id='word_1_27' title='bbox 655 509 810 564; x_wconf 91' lang='lat' dir='ltr'>quae</span> <span class='ocrx_word' id='word_1_28' title='bbox 861 492 951 547; x_wconf 90' lang='lat' dir='ltr'>est</span> <span class='ocrx_word' id='word_1_29' title='bbox 1002 489 1067 546; x_wconf 91' lang='lat' dir='ltr'>in</span> <span class='ocrx_word' id='word_1_30' title='bbox 1110 489 1305 548; x_wconf 88' lang='lat' dir='ltr'>medio</span> <span class='ocrx_word' id='word_1_31' title='bbox 1352 489 1538 547; x_wconf 89' lang='lat' dir='ltr'>latere</span> <span class='ocrx_word' id='word_1_32' title='bbox 1584 490 1831 565; x_wconf 89' lang='lat' dir='ltr'>parietis</span> <span class='ocrx_word' id='word_1_33' title='bbox 1878 490 2160 549; x_wconf 81' lang='lat' dir='ltr'>basilicae</span> <span class='ocrx_word' id='word_1_34' title='bbox 2207 511 2343 551; x_wconf 92' lang='lat' dir='ltr'>con-</span> 
     </span>
    </p>
   </div>
   <div class='ocr_carea' id='block_1_3' title="bbox 239 573 2425 657">
    <p class='ocr_par' dir='ltr' id='par_1_3' title="bbox 239 573 2425 657">
     <span class='ocr_line' id='line_1_5' title="bbox 239 573 2425 657; baseline 0.005 -25"><span class='ocrx_word' id='word_1_35' title='bbox 239 590 300 643; x_wconf 86' lang='lat'>(5)</span> <span class='ocrx_word' id='word_1_36' title='bbox 319 579 519 637; x_wconf 90' lang='lat' dir='ltr'>locata</span> <span class='ocrx_word' id='word_1_37' title='bbox 555 582 828 654; x_wconf 86' lang='lat' dir='ltr'>spectans</span> <span class='ocrx_word' id='word_1_38' title='bbox 864 577 1128 636; x_wconf 87' lang='lat' dir='ltr'>medium</span> <span class='ocrx_word' id='word_1_39' title='bbox 1162 579 1359 636; x_wconf 85' lang='lat' dir='ltr'>forum</span> <span class='ocrx_word' id='word_1_40' title='bbox 1386 582 1448 636; x_wconf 90' lang='lat' dir='ltr'>et</span> <span class='ocrx_word' id='word_1_41' title='bbox 1476 577 1682 637; x_wconf 89' lang='lat' dir='ltr'>aedem</span> <span class='ocrx_word' id='word_1_42' title='bbox 1722 573 1729 657; x_wconf 87' lang='grc' dir='ltr'>Ι</span> <span class='ocrx_word' id='word_1_43' title='bbox 1770 578 1947 652; x_wconf 81' lang='lat' dir='ltr'>IoviS,</span> <span class='ocrx_word' id='word_1_44' title='bbox 1983 579 2130 637; x_wconf 85' lang='lat' dir='ltr'>item</span> <span class='ocrx_word' id='word_1_45' title='bbox 2155 580 2343 638; x_wconf 89' lang='lat' dir='ltr'>tribu-</span> <span class='ocrx_word' id='word_1_46' title='bbox 2385 594 2425 643; x_wconf 84' lang='grc'>8</span> 
     </span>
    </p>
   </div>
   <div class='ocr_carea' id='block_1_4' title="bbox 213 663 2351 2697">
    <p class='ocr_par' dir='ltr' id='par_1_4' title="bbox 213 663 2351 2697">
     <span class='ocr_line' id='line_1_6' title="bbox 267 663 2347 742; baseline -0.001 -12"><span class='ocrx_word' id='word_1_47' title='bbox 267 689 294 730; x_wconf 75' lang='lat'>⁵</span> <span class='ocrx_word' id='word_1_48' title='bbox 321 667 504 742; x_wconf 80' lang='lat' dir='ltr'>naIiS,</span> <span class='ocrx_word' id='word_1_49' title='bbox 559 666 721 742; x_wconf 90' lang='lat' dir='ltr'>quod</span> <span class='ocrx_word' id='word_1_50' title='bbox 776 668 867 725; x_wconf 89' lang='lat' dir='ltr'>est</span> <span class='ocrx_word' id='word_1_51' title='bbox 919 666 984 724; x_wconf 92' lang='lat' dir='ltr'>in</span> <span class='ocrx_word' id='word_1_52' title='bbox 1039 685 1110 724; x_wconf 89' lang='lat' dir='ltr'>ea</span> <span class='ocrx_word' id='word_1_53' title='bbox 1158 667 1298 725; x_wconf 89' lang='lat' dir='ltr'>aede</span> <span class='ocrx_word' id='word_1_54' title='bbox 1357 667 1691 742; x_wconf 80' lang='lat' dir='ltr'>hemicyclii</span> <span class='ocrx_word' id='word_1_55' title='bbox 1739 668 2053 727; x_wconf 76' lang='lat' dir='ltr'>schematis</span> <span class='ocrx_word' id='word_1_56' title='bbox 2100 663 2347 738; x_wconf 85' lang='lat' dir='ltr'>minoris</span> 
     </span>
     <span class='ocr_line' id='line_1_7' title="bbox 322 756 2350 832; baseline 0.001 -18"><span class='ocrx_word' id='word_1_57' title='bbox 322 759 641 814; x_wconf 74' lang='lat' dir='ltr'>curvatura</span> <span class='ocrx_word' id='word_1_58' title='bbox 685 757 1023 813; x_wconf 85' lang='lat' dir='ltr'>formatum.</span> <span class='ocrx_word' id='word_1_59' title='bbox 1109 756 1233 814; x_wconf 87' lang='lat' dir='ltr'>eius</span> <span class='ocrx_word' id='word_1_60' title='bbox 1280 758 1483 814; x_wconf 91' lang='lat' dir='ltr'>autem</span> <span class='ocrx_word' id='word_1_61' title='bbox 1526 756 1863 832; x_wconf 83' lang='lat' dir='ltr'>hemicyclii</span> <span class='ocrx_word' id='word_1_62' title='bbox 1907 757 1970 814; x_wconf 93' lang='lat' dir='ltr'>in</span> <span class='ocrx_word' id='word_1_63' title='bbox 2016 758 2212 816; x_wconf 88' lang='lat' dir='ltr'>fronte</span> <span class='ocrx_word' id='word_1_64' title='bbox 2260 761 2350 816; x_wconf 92' lang='lat' dir='ltr'>est</span> 
     </span>
     <span class='ocr_line' id='line_1_8' title="bbox 321 844 2348 921; baseline 0.002 -19"><span class='ocrx_word' id='word_1_65' title='bbox 321 845 706 904; x_wconf 88' lang='lat' dir='ltr'>intervallum</span> <span class='ocrx_word' id='word_1_66' title='bbox 758 844 979 919; x_wconf 91' lang='lat' dir='ltr'>pedum</span> <span class='ocrx_word' id='word_1_67' title='bbox 1032 862 1205 917; x_wconf 84' lang='lat' dir='ltr'>XLVI,</span> <span class='ocrx_word' id='word_1_68' title='bbox 1267 844 1554 903; x_wconf 82' lang='lat' dir='ltr'>introrsus</span> <span class='ocrx_word' id='word_1_69' title='bbox 1611 847 1929 904; x_wconf 86' lang='lat' dir='ltr'>curvatura</span> <span class='ocrx_word' id='word_1_70' title='bbox 1984 847 2203 921; x_wconf 89' lang='lat' dir='ltr'>pedum</span> <span class='ocrx_word' id='word_1_71' title='bbox 2249 867 2348 921; x_wconf 86' lang='lat' dir='ltr'>xv,</span> 
     </span>
     <span class='ocr_line' id='line_1_9' title="bbox 320 932 2349 1011; baseline 0.001 -20"><span class='ocrx_word' id='word_1_72' title='bbox 320 935 413 992; x_wconf 92' lang='lat' dir='ltr'>uti</span> <span class='ocrx_word' id='word_1_73' title='bbox 467 935 569 1008; x_wconf 94' lang='lat' dir='ltr'>qui</span> <span class='ocrx_word' id='word_1_74' title='bbox 627 933 786 1008; x_wconf 92' lang='lat' dir='ltr'>apud</span> <span class='ocrx_word' id='word_1_75' title='bbox 839 932 1228 1010; x_wconf 83' lang='lat' dir='ltr'>magistratus</span> <span class='ocrx_word' id='word_1_76' title='bbox 1283 935 1514 992; x_wconf 89' lang='lat' dir='ltr'>starent</span> <span class='ocrx_word' id='word_1_77' title='bbox 1567 935 1941 1011; x_wconf 86' lang='lat' dir='ltr'>negotiantes</span> <span class='ocrx_word' id='word_1_78' title='bbox 1986 936 2048 993; x_wconf 87' lang='lat' dir='ltr'>in</span> <span class='ocrx_word' id='word_1_79' title='bbox 2100 936 2349 995; x_wconf 90' lang='lat' dir='ltr'>basilica</span> 
     </span>
     <span class='ocr_line' id='line_1_10' title="bbox 213 1019 2349 1102; baseline 0.003 -26"><span class='ocrx_word' id='word_1_80' title='bbox 213 1035 310 1089; x_wconf 78' lang='lat'>(10)</span> <span class='ocrx_word' id='word_1_81' title='bbox 323 1043 398 1080; x_wconf 91' lang='lat' dir='ltr'>ne</span> <span class='ocrx_word' id='word_1_82' title='bbox 444 1022 796 1096; x_wconf 87' lang='lat' dir='ltr'>inpedirent.</span> <span class='ocrx_word' id='word_1_83' title='bbox 869 1040 1050 1097; x_wconf 90' lang='lat' dir='ltr'>supra</span> <span class='ocrx_word' id='word_1_84' title='bbox 1087 1022 1391 1080; x_wconf 88' lang='lat' dir='ltr'>columnas</span> <span class='ocrx_word' id='word_1_85' title='bbox 1439 1041 1508 1079; x_wconf 86' lang='lat' dir='ltr'>ex</span> <span class='ocrx_word' id='word_1_86' title='bbox 1552 1023 1741 1081; x_wconf 87' lang='lat' dir='ltr'>tribus</span> <span class='ocrx_word' id='word_1_87' title='bbox 1786 1024 1970 1101; x_wconf 86' lang='lat' dir='ltr'>tignis</span> <span class='ocrx_word' id='word_1_88' title='bbox 2004 1019 2020 1102; x_wconf 92' lang='grc' dir='ltr'>Ι</span> <span class='ocrx_word' id='word_1_89' title='bbox 2060 1024 2349 1100; x_wconf 90' lang='lat' dir='ltr'>bipedali-</span> 
     </span>
     <span class='ocr_line' id='line_1_11' title="bbox 240 1110 2348 1188; baseline 0 -15"><span class='ocrx_word' id='word_1_90' title='bbox 240 1135 296 1174; x_wconf 75' lang='grc' dir='ltr'>ιο</span> <span class='ocrx_word' id='word_1_91' title='bbox 323 1111 432 1169; x_wconf 93' lang='lat' dir='ltr'>bus</span> <span class='ocrx_word' id='word_1_92' title='bbox 499 1110 822 1185; x_wconf 87' lang='lat' dir='ltr'>compactis</span> <span class='ocrx_word' id='word_1_93' title='bbox 889 1111 1089 1169; x_wconf 88' lang='lat' dir='ltr'>trabes</span> <span class='ocrx_word' id='word_1_94' title='bbox 1149 1113 1289 1168; x_wconf 89' lang='lat' dir='ltr'>sunt</span> <span class='ocrx_word' id='word_1_95' title='bbox 1344 1111 1499 1168; x_wconf 90' lang='lat' dir='ltr'>circa</span> <span class='ocrx_word' id='word_1_96' title='bbox 1554 1110 1921 1187; x_wconf 88' lang='lat' dir='ltr'>conlocatae,</span> <span class='ocrx_word' id='word_1_97' title='bbox 1986 1129 2207 1188; x_wconf 90' lang='lat' dir='ltr'>eaeque</span> <span class='ocrx_word' id='word_1_98' title='bbox 2273 1115 2348 1173; x_wconf 89' lang='lat' dir='ltr'>ab</span> 
     </span>
     <span class='ocr_line' id='line_1_12' title="bbox 325 1199 2351 1275; baseline 0.002 -18"><span class='ocrx_word' id='word_1_99' title='bbox 325 1199 521 1258; x_wconf 87' lang='lat' dir='ltr'>tertiis</span> <span class='ocrx_word' id='word_1_100' title='bbox 570 1199 858 1258; x_wconf 89' lang='lat' dir='ltr'>columnis</span> <span class='ocrx_word' id='word_1_101' title='bbox 906 1218 1058 1274; x_wconf 90' lang='lat' dir='ltr'>quae</span> <span class='ocrx_word' id='word_1_102' title='bbox 1104 1201 1244 1257; x_wconf 89' lang='lat' dir='ltr'>sunt</span> <span class='ocrx_word' id='word_1_103' title='bbox 1287 1199 1352 1256; x_wconf 90' lang='lat' dir='ltr'>in</span> <span class='ocrx_word' id='word_1_104' title='bbox 1398 1199 1678 1258; x_wconf 88' lang='lat' dir='ltr'>interiore</span> <span class='ocrx_word' id='word_1_105' title='bbox 1722 1203 1921 1275; x_wconf 87' lang='lat' dir='ltr'>parte,</span> <span class='ocrx_word' id='word_1_106' title='bbox 1970 1205 2351 1261; x_wconf 89' lang='lat' dir='ltr'>revertuntur</span> 
     </span>
     <span class='ocr_line' id='line_1_13' title="bbox 326 1277 2349 1364; baseline 0.002 -18"><span class='ocrx_word' id='word_1_107' title='bbox 326 1277 403 1347; x_wconf 88' lang='lat' dir='ltr'>ad</span> <span class='ocrx_word' id='word_1_108' title='bbox 451 1291 622 1347; x_wconf 89' lang='lat' dir='ltr'>antas</span> <span class='ocrx_word' id='word_1_109' title='bbox 672 1307 822 1363; x_wconf 89' lang='lat' dir='ltr'>quae</span> <span class='ocrx_word' id='word_1_110' title='bbox 869 1307 904 1345; x_wconf 92' lang='lat' dir='ltr'>a</span> <span class='ocrx_word' id='word_1_111' title='bbox 950 1306 1175 1364; x_wconf 86' lang='lat' dir='ltr'>pronao</span> <span class='ocrx_word' id='word_1_112' title='bbox 1222 1290 1585 1363; x_wconf 89' lang='lat' dir='ltr'>procurrunt</span> <span class='ocrx_word' id='word_1_113' title='bbox 1630 1287 1955 1363; x_wconf 83' lang='lat' dir='ltr'>dextraque</span> <span class='ocrx_word' id='word_1_114' title='bbox 2002 1293 2062 1348; x_wconf 91' lang='lat' dir='ltr'>et</span> <span class='ocrx_word' id='word_1_115' title='bbox 2108 1291 2349 1350; x_wconf 89' lang='lat' dir='ltr'>sinistra</span> 
     </span>
     <span class='ocr_line' id='line_1_14' title="bbox 325 1376 2347 1454; baseline 0 -19"><span class='ocrx_word' id='word_1_116' title='bbox 325 1377 740 1452; x_wconf 84' lang='lat' dir='ltr'>hemicyclium</span> <span class='ocrx_word' id='word_1_117' title='bbox 802 1379 1076 1453; x_wconf 90' lang='lat' dir='ltr'>tangunt.</span> <span class='ocrx_word' id='word_1_118' title='bbox 1177 1395 1359 1451; x_wconf 89' lang='lat' dir='ltr'>supra</span> <span class='ocrx_word' id='word_1_119' title='bbox 1422 1376 1621 1434; x_wconf 90' lang='lat' dir='ltr'>trabes</span> <span class='ocrx_word' id='word_1_120' title='bbox 1686 1380 1893 1436; x_wconf 89' lang='lat' dir='ltr'>contra</span> <span class='ocrx_word' id='word_1_121' title='bbox 1958 1379 2222 1454; x_wconf 90' lang='lat' dir='ltr'>capitula</span> <span class='ocrx_word' id='word_1_122' title='bbox 2279 1400 2347 1437; x_wconf 87' lang='lat' dir='ltr'>ex</span> 
     </span>
     <span class='ocr_line' id='line_1_15' title="bbox 324 1465 2349 1542; baseline 0.001 -18"><span class='ocrx_word' id='word_1_123' title='bbox 324 1466 632 1524; x_wconf 85' lang='lat' dir='ltr'>fulmentis</span> <span class='ocrx_word' id='word_1_124' title='bbox 677 1466 1002 1541; x_wconf 87' lang='lat' dir='ltr'>dispositae</span> <span class='ocrx_word' id='word_1_125' title='bbox 1056 1465 1215 1541; x_wconf 90' lang='lat' dir='ltr'>pilae</span> <span class='ocrx_word' id='word_1_126' title='bbox 1261 1467 1402 1523; x_wconf 90' lang='lat' dir='ltr'>sunt</span> <span class='ocrx_word' id='word_1_127' title='bbox 1448 1466 1790 1524; x_wconf 84' lang='lat' dir='ltr'>conlocatae</span> <span class='ocrx_word' id='word_1_128' title='bbox 1836 1467 1995 1524; x_wconf 90' lang='lat' dir='ltr'>altae</span> <span class='ocrx_word' id='word_1_129' title='bbox 2046 1469 2225 1542; x_wconf 87' lang='lat' dir='ltr'>pedes</span> <span class='ocrx_word' id='word_1_130' title='bbox 2261 1487 2349 1542; x_wconf 93' lang='lat'>111,</span> 
     </span>
     <span class='ocr_line' id='line_1_16' title="bbox 243 1547 2350 1636; baseline 0.001 -24"><span class='ocrx_word' id='word_1_131' title='bbox 243 1577 296 1618; x_wconf 84' lang='lat'>15</span> <span class='ocrx_word' id='word_1_132' title='bbox 323 1555 484 1613; x_wconf 86' lang='lat' dir='ltr'>latae</span> <span class='ocrx_word' id='word_1_133' title='bbox 517 1547 524 1636; x_wconf 95' lang='grc' dir='ltr'>Ι</span> <span class='ocrx_word' id='word_1_134' title='bbox 557 1573 1000 1630; x_wconf 83' lang='lat' dir='ltr'>quoqueversus</span> <span class='ocrx_word' id='word_1_135' title='bbox 1032 1557 1371 1631; x_wconf 75' lang='lat' dir='ltr'>quaternos</span> <span class='ocrx_word' id='word_1_136' title='bbox 1437 1572 1617 1629; x_wconf 90' lang='lat' dir='ltr'>supra</span> <span class='ocrx_word' id='word_1_137' title='bbox 1654 1573 1751 1612; x_wconf 88' lang='lat' dir='ltr'>eas</span> <span class='ocrx_word' id='word_1_138' title='bbox 1792 1574 1861 1612; x_wconf 86' lang='lat' dir='ltr'>ex</span> <span class='ocrx_word' id='word_1_139' title='bbox 1897 1556 2128 1614; x_wconf 88' lang='lat' dir='ltr'>duobus</span> <span class='ocrx_word' id='word_1_140' title='bbox 2164 1557 2350 1634; x_wconf 86' lang='lat' dir='ltr'>tignis</span> 
     </span>
     <span class='ocr_line' id='line_1_17' title="bbox 321 1637 2348 1721; baseline 0.001 -20"><span class='ocrx_word' id='word_1_141' title='bbox 321 1644 694 1720; x_wconf 87' lang='lat' dir='ltr'>bipedalibus</span> <span class='ocrx_word' id='word_1_142' title='bbox 731 1644 930 1702; x_wconf 89' lang='lat' dir='ltr'>trabes</span> <span class='ocrx_word' id='word_1_143' title='bbox 971 1662 1332 1721; x_wconf 84' lang='lat' dir='ltr'>everganeae</span> <span class='ocrx_word' id='word_1_144' title='bbox 1362 1643 1519 1701; x_wconf 88' lang='lat' dir='ltr'>circa·</span> <span class='ocrx_word' id='word_1_145' title='bbox 1546 1646 1685 1702; x_wconf 90' lang='lat' dir='ltr'>sunt</span> <span class='ocrx_word' id='word_1_146' title='bbox 1713 1644 2072 1703; x_wconf 88' lang='lat' dir='ltr'>conlocatae.</span> <span class='ocrx_word' id='word_1_147' title='bbox 2136 1637 2348 1720; x_wconf 80' lang='lat' dir='ltr'>quibus</span> 
     </span>
     <span class='ocr_line' id='line_1_18' title="bbox 322 1732 2350 1809; baseline 0.001 -19"><span class='ocrx_word' id='word_1_148' title='bbox 322 1733 563 1808; x_wconf 88' lang='lat' dir='ltr'>insuper</span> <span class='ocrx_word' id='word_1_149' title='bbox 607 1735 873 1792; x_wconf 88' lang='lat' dir='ltr'>transtra</span> <span class='ocrx_word' id='word_1_150' title='bbox 910 1751 1048 1790; x_wconf 89' lang='lat' dir='ltr'>cum</span> <span class='ocrx_word' id='word_1_151' title='bbox 1083 1732 1375 1807; x_wconf 89' lang='lat' dir='ltr'>capreolis</span> <span class='ocrx_word' id='word_1_152' title='bbox 1414 1732 1821 1790; x_wconf 88' lang='lat' dir='ltr'>columnarum</span> <span class='ocrx_word' id='word_1_153' title='bbox 1858 1735 2065 1792; x_wconf 91' lang='lat' dir='ltr'>contra</span> <span class='ocrx_word' id='word_1_154' title='bbox 2101 1752 2350 1809; x_wconf 87' lang='lat' dir='ltr'>corpora</span> 
     </span>
     <span class='ocr_line' id='line_1_19' title="bbox 326 1821 2350 1897; baseline 0.002 -20"><span class='ocrx_word' id='word_1_155' title='bbox 326 1824 387 1877; x_wconf 90' lang='lat' dir='ltr'>et</span> <span class='ocrx_word' id='word_1_156' title='bbox 414 1824 586 1879; x_wconf 87' lang='lat' dir='ltr'>antas</span> <span class='ocrx_word' id='word_1_157' title='bbox 625 1825 685 1880; x_wconf 94' lang='lat' dir='ltr'>et</span> <span class='ocrx_word' id='word_1_158' title='bbox 718 1822 977 1897; x_wconf 89' lang='lat' dir='ltr'>parietes</span> <span class='ocrx_word' id='word_1_159' title='bbox 1006 1821 1220 1896; x_wconf 88' lang='lat' dir='ltr'>pronai</span> <span class='ocrx_word' id='word_1_160' title='bbox 1247 1821 1556 1880; x_wconf 89' lang='lat' dir='ltr'>conlocata</span> <span class='ocrx_word' id='word_1_161' title='bbox 1584 1821 1879 1880; x_wconf 88' lang='lat' dir='ltr'>sustinent</span> <span class='ocrx_word' id='word_1_162' title='bbox 1904 1842 2089 1880; x_wconf 91' lang='lat' dir='ltr'>unum</span> <span class='ocrx_word' id='word_1_163' title='bbox 2116 1823 2350 1881; x_wconf 90' lang='lat' dir='ltr'>culmen</span> 
     </span>
     <span class='ocr_line' id='line_1_20' title="bbox 325 1909 2349 1987; baseline 0.002 -19"><span class='ocrx_word' id='word_1_164' title='bbox 325 1912 647 1985; x_wconf 85' lang='lat' dir='ltr'>perpetuae</span> <span class='ocrx_word' id='word_1_165' title='bbox 686 1909 986 1984; x_wconf 87' lang='lat' dir='ltr'>basilicae,</span> <span class='ocrx_word' id='word_1_166' title='bbox 1025 1910 1281 1968; x_wconf 89' lang='lat' dir='ltr'>alterum</span> <span class='ocrx_word' id='word_1_167' title='bbox 1316 1929 1354 1969; x_wconf 86' lang='lat' dir='ltr'>a</span> <span class='ocrx_word' id='word_1_168' title='bbox 1390 1909 1583 1969; x_wconf 87' lang='lat' dir='ltr'>medio</span> <span class='ocrx_word' id='word_1_169' title='bbox 1622 1928 1803 1987; x_wconf 90' lang='lat' dir='ltr'>supra</span> <span class='ocrx_word' id='word_1_170' title='bbox 1838 1929 2132 1986; x_wconf 89' lang='lat' dir='ltr'>pronaum</span> <span class='ocrx_word' id='word_1_171' title='bbox 2170 1912 2349 1972; x_wconf 76' lang='lat' dir='ltr'>aedis,</span> 
     </span>
     <span class='ocr_line' id='line_1_21' title="bbox 243 1994 2346 2080; baseline 0 -19"><span class='ocrx_word' id='word_1_172' title='bbox 243 2021 298 2061; x_wconf 60' lang='grc' dir='ltr'>κο</span> <span class='ocrx_word' id='word_1_173' title='bbox 331 1994 454 2080; x_wconf 69' lang='lat' dir='ltr'>{ita</span> <span class='ocrx_word' id='word_1_174' title='bbox 497 1999 874 2077; x_wconf 85' lang='lat' dir='ltr'>fastigiorum</span> <span class='ocrx_word' id='word_1_175' title='bbox 926 1999 1146 2075; x_wconf 85' lang='lat' dir='ltr'>duplex</span> <span class='ocrx_word' id='word_1_176' title='bbox 1182 1996 1230 2058; x_wconf 90' lang='grc' dir='ltr'>Τ</span> <span class='ocrx_word' id='word_1_177' title='bbox 1268 2000 1361 2057; x_wconf 88' lang='lat' dir='ltr'>uti</span> <span class='ocrx_word' id='word_1_178' title='bbox 1405 2003 1583 2058; x_wconf 90' lang='lat' dir='ltr'>notae</span> <span class='ocrx_word' id='word_1_179' title='bbox 1629 2000 1941 2075; x_wconf 82' lang='lat' dir='ltr'>dispositio</span> <span class='ocrx_word' id='word_1_180' title='bbox 1989 2000 2346 2061; x_wconf 86' lang='lat' dir='ltr'>extrinsecus</span> 
     </span>
     <span class='ocr_line' id='line_1_22' title="bbox 326 2087 2348 2164; baseline 0.001 -18"><span class='ocrx_word' id='word_1_181' title='bbox 326 2087 472 2146; x_wconf 89' lang='lat' dir='ltr'>tecti</span> <span class='ocrx_word' id='word_1_182' title='bbox 501 2090 560 2146; x_wconf 92' lang='lat' dir='ltr'>et</span> <span class='ocrx_word' id='word_1_183' title='bbox 587 2088 887 2147; x_wconf 89' lang='lat' dir='ltr'>interioris</span> <span class='ocrx_word' id='word_1_184' title='bbox 917 2088 1074 2146; x_wconf 89' lang='lat' dir='ltr'>altae</span> <span class='ocrx_word' id='word_1_185' title='bbox 1102 2087 1421 2146; x_wconf 82' lang='lat' dir='ltr'>testudinis</span> <span class='ocrx_word' id='word_1_186' title='bbox 1448 2090 1717 2163; x_wconf 90' lang='lat' dir='ltr'>praestat</span> <span class='ocrx_word' id='word_1_187' title='bbox 1744 2088 2001 2164; x_wconf 90' lang='lat' dir='ltr'>speciem</span> <span class='ocrx_word' id='word_1_188' title='bbox 2018 2094 2348 2149; x_wconf 85' lang='lat' dir='ltr'>venustam.</span> 
     </span>
     <span class='ocr_line' id='line_1_23' title="bbox 323 2175 2349 2252; baseline 0.002 -18"><span class='ocrx_word' id='word_1_189' title='bbox 323 2176 471 2235; x_wconf 90' lang='lat' dir='ltr'>item</span> <span class='ocrx_word' id='word_1_190' title='bbox 517 2176 756 2235; x_wconf 88' lang='lat' dir='ltr'>sublata</span> <span class='ocrx_word' id='word_1_191' title='bbox 803 2176 1215 2251; x_wconf 88' lang='lat' dir='ltr'>epistyliorum</span> <span class='ocrx_word' id='word_1_192' title='bbox 1260 2175 1610 2235; x_wconf 77' lang='lat' dir='ltr'>ornamenta</span> <span class='ocrx_word' id='word_1_193' title='bbox 1650 2180 1713 2235; x_wconf 84' lang='lat' dir='ltr'>et</span> <span class='ocrx_word' id='word_1_194' title='bbox 1756 2177 2095 2252; x_wconf 89' lang='lat' dir='ltr'>pluteorum</span> <span class='ocrx_word' id='word_1_195' title='bbox 2132 2180 2349 2238; x_wconf 91' lang='lat' dir='ltr'>colum-</span> 
     </span>
     <span class='ocr_line' id='line_1_24' title="bbox 327 2265 2349 2341; baseline 0.001 -18"><span class='ocrx_word' id='word_1_196' title='bbox 327 2284 656 2341; x_wconf 91' lang='lat' dir='ltr'>narumque</span> <span class='ocrx_word' id='word_1_197' title='bbox 720 2265 1092 2340; x_wconf 89' lang='lat' dir='ltr'>superiorum</span> <span class='ocrx_word' id='word_1_198' title='bbox 1147 2265 1489 2325; x_wconf 88' lang='lat' dir='ltr'>distributio</span> <span class='ocrx_word' id='word_1_199' title='bbox 1546 2284 1857 2340; x_wconf 89' lang='lat' dir='ltr'>operosam</span> <span class='ocrx_word' id='word_1_200' title='bbox 1911 2267 2172 2326; x_wconf 79' lang='lat' dir='ltr'>detrahit</span> <span class='ocrx_word' id='word_1_201' title='bbox 2226 2286 2349 2326; x_wconf 91' lang='lat' dir='ltr'>mo·</span> 
     </span>
     <span class='ocr_line' id='line_1_25' title="bbox 327 2354 2351 2431; baseline 0.001 -19"><span class='ocrx_word' id='word_1_202' title='bbox 327 2354 564 2413; x_wconf 75' lang='lat' dir='ltr'>lestiam</span> <span class='ocrx_word' id='word_1_203' title='bbox 629 2355 1021 2429; x_wconf 86' lang='lat' dir='ltr'>sumptusque</span> <span class='ocrx_word' id='word_1_204' title='bbox 1083 2354 1366 2412; x_wconf 87' lang='lat' dir='ltr'>inminuit</span> <span class='ocrx_word' id='word_1_205' title='bbox 1421 2374 1491 2411; x_wconf 84' lang='lat' dir='ltr'>ex</span> <span class='ocrx_word' id='word_1_206' title='bbox 1543 2374 1763 2431; x_wconf 87' lang='lat' dir='ltr'>magna</span> <span class='ocrx_word' id='word_1_207' title='bbox 1817 2356 1989 2430; x_wconf 89' lang='lat' dir='ltr'>parte</span> <span class='ocrx_word' id='word_1_208' title='bbox 2043 2374 2351 2415; x_wconf 88' lang='lat' dir='ltr'>summam.</span> 
     </span>
     <span class='ocr_line' id='line_1_26' title="bbox 240 2436 2351 2519; baseline -0 -15"><span class='ocrx_word' id='word_1_209' title='bbox 240 2464 292 2504; x_wconf 79' lang='lat'>25</span> <span class='ocrx_word' id='word_1_210' title='bbox 319 2444 485 2518; x_wconf 87' lang='lat' dir='ltr'>ipsae</span> <span class='ocrx_word' id='word_1_211' title='bbox 539 2461 680 2502; x_wconf 89' lang='lat' dir='ltr'>vero</span> <span class='ocrx_word' id='word_1_212' title='bbox 738 2443 1045 2502; x_wconf 89' lang='lat' dir='ltr'>columnae</span> <span class='ocrx_word' id='word_1_213' title='bbox 1087 2436 1094 2519; x_wconf 94' lang='grc' dir='ltr'>Ι</span> <span class='ocrx_word' id='word_1_214' title='bbox 1135 2443 1199 2501; x_wconf 95' lang='lat' dir='ltr'>in</span> <span class='ocrx_word' id='word_1_215' title='bbox 1261 2442 1578 2501; x_wconf 87' lang='lat' dir='ltr'>altitudine</span> <span class='ocrx_word' id='word_1_216' title='bbox 1641 2446 1931 2519; x_wconf 89' lang='lat' dir='ltr'>perpetua</span> <span class='ocrx_word' id='word_1_217' title='bbox 1987 2444 2094 2503; x_wconf 90' lang='lat' dir='ltr'>sub</span> <span class='ocrx_word' id='word_1_218' title='bbox 2150 2444 2351 2503; x_wconf 87' lang='lat' dir='ltr'>trabes</span> 
     </span>
     <span class='ocr_line' id='line_1_27' title="bbox 319 2525 2347 2608; baseline 0.002 -19"><span class='ocrx_word' id='word_1_219' title='bbox 319 2532 636 2590; x_wconf 89' lang='lat' dir='ltr'>testudinis</span> <span class='ocrx_word' id='word_1_220' title='bbox 681 2530 1002 2607; x_wconf 82' lang='lat' dir='ltr'>perductae</span> <span class='ocrx_word' id='word_1_221' title='bbox 1051 2534 1112 2589; x_wconf 90' lang='lat' dir='ltr'>et</span> <span class='ocrx_word' id='word_1_222' title='bbox 1156 2525 1662 2608; x_wconf 84' lang='lat' dir='ltr'>magnificentiam</span> <span class='ocrx_word' id='word_1_223' title='bbox 1705 2533 1989 2607; x_wconf 84' lang='lat' dir='ltr'>inpensae</span> <span class='ocrx_word' id='word_1_224' title='bbox 2036 2536 2095 2591; x_wconf 90' lang='lat' dir='ltr'>et</span> <span class='ocrx_word' id='word_1_225' title='bbox 2142 2536 2347 2593; x_wconf 89' lang='lat' dir='ltr'>aucto-</span> 
     </span>
     <span class='ocr_line' id='line_1_28' title="bbox 319 2619 1459 2697; baseline -0.002 -18"><span class='ocrx_word' id='word_1_226' title='bbox 319 2620 564 2679; x_wconf 88' lang='lat' dir='ltr'>ritatem</span> <span class='ocrx_word' id='word_1_227' title='bbox 610 2620 778 2696; x_wconf 90' lang='lat' dir='ltr'>operi</span> <span class='ocrx_word' id='word_1_228' title='bbox 823 2619 1120 2697; x_wconf 87' lang='lat' dir='ltr'>adaugere</span> <span class='ocrx_word' id='word_1_229' title='bbox 1165 2620 1459 2678; x_wconf 86' lang='lat' dir='ltr'>videntur.</span> 
     </span>
    </p>
   </div>
   <div class='ocr_carea' id='block_1_5' title="bbox 318 2795 743 2803">
    <p class='ocr_par' dir='ltr' id='par_1_5' title="bbox 318 2795 743 2803">
     <span class='ocr_line' id='line_1_29' title="bbox 318 2795 743 2803; baseline 0 1124"><span class='ocrx_word' id='word_1_230' title='bbox 318 2795 743 2803; x_wconf 95' lang='lat' dir='ltr'> </span> 
     </span>
    </p>
   </div>
   <div class='ocr_carea' id='block_1_6' title="bbox 320 2912 2353 3129">
    <p class='ocr_par' dir='ltr' id='par_1_6' title="bbox 320 2912 2353 3129">
     <span class='ocr_line' id='line_1_30' title="bbox 465 2912 2348 2985; baseline 0.003 -20"><span class='ocrx_word' id='word_1_231' title='bbox 465 2920 493 2966; x_wconf 91' lang='lat'>1</span> <span class='ocrx_word' id='word_1_232' title='bbox 514 2932 586 2968; x_wconf 92' lang='lat' dir='ltr'>v1.</span> <span class='ocrx_word' id='word_1_233' title='bbox 609 2913 744 2968; x_wconf 87' lang='lat' dir='ltr'>HS:</span> <span class='ocrx_word' id='word_1_234' title='bbox 775 2930 870 2967; x_wconf 85' lang='lat' dir='ltr'>sex</span> <span class='ocrx_word' id='word_1_235' title='bbox 893 2915 960 2969; x_wconf 90' lang='lat' dir='ltr'>G.</span> <span class='ocrx_word' id='word_1_236' title='bbox 990 2916 1008 2983; x_wconf 91' lang='grc' dir='ltr'>ΙΙ</span> <span class='ocrx_word' id='word_1_237' title='bbox 1037 2920 1068 2967; x_wconf 83' lang='grc'><strong>3</strong></span> <span class='ocrx_word' id='word_1_238' title='bbox 1099 2914 1325 2985; x_wconf 85' lang='lat' dir='ltr'>angusti</span> <span class='ocrx_word' id='word_1_239' title='bbox 1347 2914 1399 2969; x_wconf 89' lang='lat' dir='ltr'>S.</span> <span class='ocrx_word' id='word_1_240' title='bbox 1431 2916 1449 2983; x_wconf 91' lang='grc' dir='ltr'>ΙΙ</span> <span class='ocrx_word' id='word_1_241' title='bbox 1475 2918 1509 2965; x_wconf 84' lang='grc'>4</span> <span class='ocrx_word' id='word_1_242' title='bbox 1538 2912 1789 2966; x_wconf 88' lang='lat' dir='ltr'>tribunal</span> <span class='ocrx_word' id='word_1_243' title='bbox 1808 2933 1861 2969; x_wconf 77' lang='lat' dir='ltr'>x.</span> <span class='ocrx_word' id='word_1_244' title='bbox 1891 2916 1909 2984; x_wconf 92' lang='grc' dir='ltr'>ΙΙ</span> <span class='ocrx_word' id='word_1_245' title='bbox 1937 2919 1969 2967; x_wconf 80' lang='grc' dir='ltr'>ὅ</span> <span class='ocrx_word' id='word_1_246' title='bbox 2002 2918 2072 2985; x_wconf 82' lang='lat' dir='ltr'>(et</span> <span class='ocrx_word' id='word_1_247' title='bbox 2092 2917 2144 2985; x_wconf 88' lang='lat'>6)</span> <span class='ocrx_word' id='word_1_248' title='bbox 2172 2916 2348 2971; x_wconf 88' lang='lat' dir='ltr'>hemi-</span> 
     </span>
     <span class='ocr_line' id='line_1_31' title="bbox 320 2982 2353 3056; baseline 0.001 -18"><span class='ocrx_word' id='word_1_249' title='bbox 320 2982 466 3053; x_wconf 89' lang='lat' dir='ltr'>cycli</span> <span class='ocrx_word' id='word_1_250' title='bbox 480 2985 549 3038; x_wconf 86' lang='lat' dir='ltr'><strong><em>H</em></strong></span> <span class='ocrx_word' id='word_1_251' title='bbox 557 2985 625 3051; x_wconf 92' lang='lat' dir='ltr'>G,</span> <span class='ocrx_word' id='word_1_252' title='bbox 651 2984 971 3053; x_wconf 87' lang='lat' dir='ltr'>hemiciclyi</span> <span class='ocrx_word' id='word_1_253' title='bbox 990 2986 1116 3052; x_wconf 79' lang='lat' dir='ltr'>(hic,</span> <span class='ocrx_word' id='word_1_254' title='bbox 1143 2984 1440 3053; x_wconf 88' lang='lat' dir='ltr'>hemicicly</span> <span class='ocrx_word' id='word_1_255' title='bbox 1458 3002 1506 3039; x_wconf 82' lang='lat' dir='ltr'>v.</span> <span class='ocrx_word' id='word_1_256' title='bbox 1526 2986 1577 3053; x_wconf 87' lang='grc'>6)</span> <span class='ocrx_word' id='word_1_257' title='bbox 1595 2984 1647 3039; x_wconf 90' lang='lat' dir='ltr'>S.</span> <span class='ocrx_word' id='word_1_258' title='bbox 1676 2984 1682 3056; x_wconf 95' lang='grc' dir='ltr'>Ι</span> <span class='ocrx_word' id='word_1_259' title='bbox 1707 2984 1967 3039; x_wconf 85' lang='lat' dir='ltr'>scematis</span> <span class='ocrx_word' id='word_1_260' title='bbox 1985 3004 2038 3041; x_wconf 80' lang='lat' dir='ltr'>x.</span> <span class='ocrx_word' id='word_1_261' title='bbox 2070 2988 2089 3056; x_wconf 91' lang='grc' dir='ltr'>ΙΙ</span> <span class='ocrx_word' id='word_1_262' title='bbox 2119 2993 2148 3040; x_wconf 82' lang='lat'>7</span> <span class='ocrx_word' id='word_1_263' title='bbox 2176 2987 2353 3056; x_wconf 88' lang='lat' dir='ltr'>pedes</span> 
     </span>
     <span class='ocr_line' id='line_1_32' title="bbox 321 3055 2347 3129; baseline 0.001 -20"><span class='ocrx_word' id='word_1_264' title='bbox 321 3057 443 3125; x_wconf 78' lang='lat' dir='ltr'>(bis)</span> <span class='ocrx_word' id='word_1_265' title='bbox 461 3073 514 3109; x_wconf 78' lang='lat' dir='ltr'>x.</span> <span class='ocrx_word' id='word_1_266' title='bbox 536 3055 556 3127; x_wconf 92' lang='grc' dir='ltr'>ΙΙ</span> <span class='ocrx_word' id='word_1_267' title='bbox 577 3061 642 3109; x_wconf 93' lang='grc'>10</span> <span class='ocrx_word' id='word_1_268' title='bbox 662 3072 874 3124; x_wconf 90' lang='lat' dir='ltr'>eaeque</span> <span class='ocrx_word' id='word_1_269' title='bbox 886 3058 946 3109; x_wconf 90' lang='lat' dir='ltr'><em>H</em></span> <span class='ocrx_word' id='word_1_270' title='bbox 951 3058 1082 3126; x_wconf 65' lang='lat' dir='ltr'>(GC),</span> <span class='ocrx_word' id='word_1_271' title='bbox 1101 3072 1274 3127; x_wconf 68' lang='lat' dir='ltr'>eeque</span> <span class='ocrx_word' id='word_1_272' title='bbox 1290 3058 1409 3125; x_wconf 81' lang='lat' dir='ltr'>(sic)</span> <span class='ocrx_word' id='word_1_273' title='bbox 1426 3056 1481 3122; x_wconf 89' lang='lat' dir='ltr'>S,</span> <span class='ocrx_word' id='word_1_274' title='bbox 1500 3071 1569 3108; x_wconf 90' lang='lat' dir='ltr'>ea</span> <span class='ocrx_word' id='word_1_275' title='bbox 1588 3072 1727 3124; x_wconf 90' lang='lat' dir='ltr'>eque</span> <span class='ocrx_word' id='word_1_276' title='bbox 1742 3057 1810 3111; x_wconf 90' lang='lat' dir='ltr'>G.</span> <span class='ocrx_word' id='word_1_277' title='bbox 1830 3056 1849 3129; x_wconf 89' lang='grc' dir='ltr'>ΙΙ</span> <span class='ocrx_word' id='word_1_278' title='bbox 1870 3062 1935 3110; x_wconf 81' lang='lat'>13</span> <span class='ocrx_word' id='word_1_279' title='bbox 1950 3057 2347 3127; x_wconf 88' lang='lat' dir='ltr'>hemicyclium</span> 
     </span>
    </p>
   </div>
   <div class='ocr_carea' id='block_1_7' title="bbox 319 3140 2359 3587">
    <p class='ocr_par' dir='ltr' id='par_1_7' title="bbox 319 3140 2359 3587">
     <span class='ocr_line' id='line_1_33' title="bbox 321 3140 2345 3239; baseline 0.002 -26"><span class='ocrx_word' id='word_1_280' title='bbox 321 3162 464 3229; x_wconf 90' lang='lat' dir='ltr'>HG,</span> <span class='ocrx_word' id='word_1_281' title='bbox 508 3161 660 3215; x_wconf 84' lang='lat' dir='ltr'>hemi</span> <span class='ocrx_word' id='word_1_282' title='bbox 698 3161 879 3231; x_wconf 74' lang='lat' dir='ltr'>ciclyfi</span> <span class='ocrx_word' id='word_1_283' title='bbox 918 3162 970 3217; x_wconf 88' lang='lat' dir='ltr'>S.</span> <span class='ocrx_word' id='word_1_284' title='bbox 1018 3164 1037 3231; x_wconf 95' lang='grc' dir='ltr'>ΙΙ</span> <span class='ocrx_word' id='word_1_285' title='bbox 1084 3168 1149 3215; x_wconf 88' lang='lat'>15</span> <span class='ocrx_word' id='word_1_286' title='bbox 1188 3178 1411 3229; x_wconf 89' lang='lat' dir='ltr'>quoque</span> <span class='ocrx_word' id='word_1_287' title='bbox 1450 3167 1557 3239; x_wconf 16' lang='lat' dir='ltr'>⁴(q—q</span> <span class='ocrx_word' id='word_1_288' title='bbox 1590 3163 1659 3229; x_wconf 89' lang='lat' dir='ltr'>G,</span> <span class='ocrx_word' id='word_1_289' title='bbox 1695 3140 1793 3231; x_wconf 63' lang='grc' dir='ltr'>εἷς,</span> <span class='ocrx_word' id='word_1_290' title='bbox 1822 3162 1966 3233; x_wconf 67' lang='lat' dir='ltr'>SGc)</span> <span class='ocrx_word' id='word_1_291' title='bbox 2002 3180 2196 3220; x_wconf 78' lang='lat' dir='ltr'>versus</span> <span class='ocrx_word' id='word_1_292' title='bbox 2233 3182 2288 3218; x_wconf 80' lang='lat' dir='ltr'>x.</span> <span class='ocrx_word' id='word_1_293' title='bbox 2338 3165 2345 3235; x_wconf 89' lang='grc' dir='ltr'>Ι</span> 
     </span>
     <span class='ocr_line' id='line_1_34' title="bbox 320 3231 2359 3307; baseline 0.002 -23"><span class='ocrx_word' id='word_1_294' title='bbox 320 3231 608 3300; x_wconf 86' lang='lat' dir='ltr'>quaternis</span> <span class='ocrx_word' id='word_1_295' title='bbox 645 3251 700 3287; x_wconf 81' lang='lat' dir='ltr'>x.</span> <span class='ocrx_word' id='word_1_296' title='bbox 757 3235 775 3303; x_wconf 93' lang='grc' dir='ltr'>ΙΙ</span> <span class='ocrx_word' id='word_1_297' title='bbox 832 3239 897 3286; x_wconf 83' lang='grc'>16</span> <span class='ocrx_word' id='word_1_298' title='bbox 934 3234 1125 3288; x_wconf 84' lang='lat' dir='ltr'>trabes</span> <span class='ocrx_word' id='word_1_299' title='bbox 1158 3234 1233 3288; x_wconf 87' lang='lat' dir='ltr'>G:</span> <span class='ocrx_word' id='word_1_300' title='bbox 1283 3250 1384 3290; x_wconf 87' lang='lat' dir='ltr'>om.</span> <span class='ocrx_word' id='word_1_301' title='bbox 1415 3234 1541 3289; x_wconf 86' lang='lat' dir='ltr'>HS.</span> <span class='ocrx_word' id='word_1_302' title='bbox 1589 3232 1598 3304; x_wconf 93' lang='grc' dir='ltr'>Ι</span> <span class='ocrx_word' id='word_1_303' title='bbox 1644 3250 1991 3304; x_wconf 85' lang='lat' dir='ltr'>euerganeae</span> <span class='ocrx_word' id='word_1_304' title='bbox 2029 3238 2107 3307; x_wconf 69' lang='lat'>(-9</span> <span class='ocrx_word' id='word_1_305' title='bbox 2140 3235 2269 3303; x_wconf 85' lang='lat' dir='ltr'>GS)</span> <span class='ocrx_word' id='word_1_306' title='bbox 2306 3254 2359 3288; x_wconf 69' lang='grc' dir='ltr'>ω.</span> 
     </span>
     <span class='ocr_line' id='line_1_35' title="bbox 319 3304 2346 3375; baseline 0.001 -19"><span class='ocrx_word' id='word_1_307' title='bbox 319 3304 407 3371; x_wconf 91' lang='grc'>(--</span> <span class='ocrx_word' id='word_1_308' title='bbox 438 3320 783 3373; x_wconf 85' lang='lat' dir='ltr'>everganeae</span> <span class='ocrx_word' id='word_1_309' title='bbox 811 3307 880 3371; x_wconf 85' lang='lat' dir='ltr'>cf.</span> <span class='ocrx_word' id='word_1_310' title='bbox 908 3304 1221 3374; x_wconf 76' lang='lat' dir='ltr'>Quicherat:</span> <span class='ocrx_word' id='word_1_311' title='bbox 1251 3305 1383 3359; x_wconf 84' lang='lat' dir='ltr'>Rev.</span> <span class='ocrx_word' id='word_1_312' title='bbox 1406 3307 1552 3359; x_wconf 81' lang='lat' dir='ltr'>arch.</span> <span class='ocrx_word' id='word_1_313' title='bbox 1583 3305 1657 3359; x_wconf 87' lang='lat' dir='ltr'>N.</span> <span class='ocrx_word' id='word_1_314' title='bbox 1680 3305 1733 3360; x_wconf 91' lang='lat' dir='ltr'>S.</span> <span class='ocrx_word' id='word_1_315' title='bbox 1769 3307 1889 3371; x_wconf 90' lang='lat' dir='ltr'>III,</span> <span class='ocrx_word' id='word_1_316' title='bbox 1912 3309 2017 3375; x_wconf 84' lang='lat'>71).</span> <span class='ocrx_word' id='word_1_317' title='bbox 2046 3306 2065 3373; x_wconf 88' lang='grc' dir='ltr'>ΙΙ</span> <span class='ocrx_word' id='word_1_318' title='bbox 2096 3311 2159 3358; x_wconf 82' lang='grc'>17</span> <span class='ocrx_word' id='word_1_319' title='bbox 2190 3306 2346 3359; x_wconf 89' lang='lat' dir='ltr'>tran-</span> 
     </span>
     <span class='ocr_line' id='line_1_36' title="bbox 321 3374 2349 3449; baseline 0.002 -23"><span class='ocrx_word' id='word_1_320' title='bbox 321 3378 438 3428; x_wconf 85' lang='lat' dir='ltr'>stra</span> <span class='ocrx_word' id='word_1_321' title='bbox 465 3375 583 3444; x_wconf 90' lang='lat' dir='ltr'>(L):</span> <span class='ocrx_word' id='word_1_322' title='bbox 622 3378 804 3433; x_wconf 78' lang='lat' dir='ltr'>trasta</span> <span class='ocrx_word' id='word_1_323' title='bbox 829 3393 886 3430; x_wconf 78' lang='lat' dir='ltr'>x.</span> <span class='ocrx_word' id='word_1_324' title='bbox 913 3379 934 3444; x_wconf 79' lang='grc' dir='ltr'>ΙΙ</span> <span class='ocrx_word' id='word_1_325' title='bbox 962 3381 1027 3429; x_wconf 90' lang='grc'>18</span> <span class='ocrx_word' id='word_1_326' title='bbox 1057 3374 1384 3429; x_wconf 87' lang='lat' dir='ltr'>conlocatae</span> <span class='ocrx_word' id='word_1_327' title='bbox 1421 3378 1497 3445; x_wconf 75' lang='lat' dir='ltr'>(·e</span> <span class='ocrx_word' id='word_1_328' title='bbox 1530 3377 1603 3443; x_wconf 95' lang='lat' dir='ltr'>G)</span> <span class='ocrx_word' id='word_1_329' title='bbox 1633 3376 1702 3429; x_wconf 89' lang='lat' dir='ltr'><strong><em>H</em></strong></span> <span class='ocrx_word' id='word_1_330' title='bbox 1708 3378 1775 3439; x_wconf 60' lang='grc' dir='ltr'>(γ’,</span> <span class='ocrx_word' id='word_1_331' title='bbox 1812 3375 2084 3446; x_wconf 72' lang='lat' dir='ltr'>collocate</span> <span class='ocrx_word' id='word_1_332' title='bbox 2115 3376 2299 3445; x_wconf 80' lang='lat' dir='ltr'>S(G⁰).</span> <span class='ocrx_word' id='word_1_333' title='bbox 2327 3376 2349 3449; x_wconf 91' lang='grc' dir='ltr'>ΙΙ</span> 
     </span>
     <span class='ocr_line' id='line_1_37' title="bbox 321 3444 2348 3517; baseline 0.003 -21"><span class='ocrx_word' id='word_1_334' title='bbox 321 3450 389 3497; x_wconf 82' lang='lat'>20</span> <span class='ocrx_word' id='word_1_335' title='bbox 426 3452 453 3495; x_wconf 85' lang='grc' dir='ltr'>τ</span> <span class='ocrx_word' id='word_1_336' title='bbox 490 3446 576 3499; x_wconf 86' lang='lat' dir='ltr'>uti</span> <span class='ocrx_word' id='word_1_337' title='bbox 612 3449 806 3500; x_wconf 85' lang='lat' dir='ltr'>notae:</span> <span class='ocrx_word' id='word_1_338' title='bbox 851 3446 1128 3499; x_wconf 87' lang='lat' dir='ltr'>tectinata</span> <span class='ocrx_word' id='word_1_339' title='bbox 1163 3446 1253 3513; x_wconf 87' lang='lat' dir='ltr'>H,</span> <span class='ocrx_word' id='word_1_340' title='bbox 1296 3444 1437 3500; x_wconf 85' lang='lat' dir='ltr'>tecti</span> <span class='ocrx_word' id='word_1_341' title='bbox 1469 3448 1477 3514; x_wconf 88' lang='grc' dir='ltr'>Ι</span> <span class='ocrx_word' id='word_1_342' title='bbox 1508 3450 1647 3503; x_wconf 88' lang='lat' dir='ltr'>nata</span> <span class='ocrx_word' id='word_1_343' title='bbox 1688 3446 1756 3514; x_wconf 88' lang='lat' dir='ltr'>G,</span> <span class='ocrx_word' id='word_1_344' title='bbox 1803 3446 1941 3500; x_wconf 90' lang='lat' dir='ltr'>tecti</span> <span class='ocrx_word' id='word_1_345' title='bbox 1975 3449 2115 3500; x_wconf 87' lang='lat' dir='ltr'>nata</span> <span class='ocrx_word' id='word_1_346' title='bbox 2153 3448 2195 3502; x_wconf 88' lang='lat' dir='ltr'>S</span> <span class='ocrx_word' id='word_1_347' title='bbox 2230 3448 2348 3517; x_wconf 80' lang='lat' dir='ltr'>(ubi</span> 
     </span>
     <span class='ocr_line' id='line_1_38' title="bbox 319 3514 1790 3587; baseline 0.003 -18"><span class='ocrx_word' id='word_1_348' title='bbox 319 3514 459 3569; x_wconf 88' lang='lat' dir='ltr'>tecti</span> <span class='ocrx_word' id='word_1_349' title='bbox 495 3518 596 3571; x_wconf 83' lang='lat' dir='ltr'>del.</span> <span class='ocrx_word' id='word_1_350' title='bbox 632 3517 956 3586; x_wconf 75' lang='lat' dir='ltr'>Quicherat).</span> <span class='ocrx_word' id='word_1_351' title='bbox 986 3520 1005 3587; x_wconf 87' lang='grc' dir='ltr'>ΙΙ</span> <span class='ocrx_word' id='word_1_352' title='bbox 1033 3523 1100 3571; x_wconf 81' lang='lat'>25</span> <span class='ocrx_word' id='word_1_353' title='bbox 1139 3518 1328 3571; x_wconf 83' lang='lat' dir='ltr'>trabes</span> <span class='ocrx_word' id='word_1_354' title='bbox 1360 3518 1435 3573; x_wconf 85' lang='lat' dir='ltr'>G:</span> <span class='ocrx_word' id='word_1_355' title='bbox 1475 3518 1636 3573; x_wconf 87' lang='lat' dir='ltr'>trabe</span> <span class='ocrx_word' id='word_1_356' title='bbox 1667 3520 1720 3571; x_wconf 85' lang='lat' dir='ltr'><em>H</em></span> <span class='ocrx_word' id='word_1_357' title='bbox 1736 3518 1790 3573; x_wconf 89' lang='lat' dir='ltr'>S.</span> 
     </span>
    </p>
   </div>
   <div class='ocr_carea' id='block_1_8' title="bbox 2390 2016 2465 2064">
    <p class='ocr_par' dir='ltr' id='par_1_8' title="bbox 2390 2016 2465 2064">
     <span class='ocr_line' id='line_1_39' title="bbox 2390 2016 2465 2064; baseline 0 0"><span class='ocrx_word' id='word_1_358' title='bbox 2390 2016 2465 2064; x_wconf 71' lang='lat'>10»</span> 
     </span>
    </p>
   </div>
  </div>
 </body>
</html>
