2664 3927
179 730 247 777 14

29 1191 38 1199 .
82 1209 112 1243 ὁ

37 1240 228 1423 &2¹⁹sp

180 1971 246 2020 15

283 204 372 269 58
1132 206 1463 259 VITRUVII

285 375 628 433 cupresseae
671 356 970 428 foliatum,
1014 356 1290 415 materies
1336 376 1487 415 vena
1530 354 1771 415 directa.
1859 376 1928 416 ea
1971 357 2193 432 Ephesi
2234 358 2299 416 in

286 446 428 506 aede
492 445 868 505 simulacrum
909 440 918 523 Ι
957 444 1214 519 Dianae,
1278 445 1461 503 etiam
1513 444 1817 504 lacunaria
1871 449 1933 504 et
1983 446 2070 503 ibi
2123 450 2184 505 et
2236 448 2301 504 in
2328 455 2404 510 59

285 536 495 595 ceteris
557 534 852 595 nobilibus
913 535 1068 593 fanis
1130 537 1375 609 propter
1446 535 1859 593 aeternitatem
1920 538 2062 593 sunt
2122 512 2319 594 facta?
2416 554 2423 564 ·

283 714 582 772 nonnullis
619 712 827 787 Syriae
861 711 1200 789 reg-ionibus
1288 711 1441 769 larix
1476 730 1634 785 vero,
1681 731 1831 787 quae
1866 731 1985 771 non
2022 715 2114 771 est
2157 716 2301 772 nota
2326 733 2353 773 5

283 802 398 862 nisi
443 803 494 861 is
539 800 993 876 municipalibus
1033 795 1043 879 1
1085 801 1189 875 qui
1394 800 1575 859 ·circa
1618 801 1812 876 ripam
1855 801 2113 861 fluminis
2150 801 2302 860 Padi
2320 811 2378 865 (⁵)

285 895 346 950 et
397 891 578 950 litora
631 890 810 948 maris
864 888 1179 964 Hadriani,
1238 907 1360 947 non
1413 890 1605 948 solum
1660 889 1733 947 ab
1788 891 1915 949 suci
1966 890 2300 949 vehementi

285 978 597 1038 amaritate
643 977 716 1035 ab
762 978 916 1037 carie
961 982 1070 1037 aut
1112 978 1274 1036 tinea
1319 997 1441 1038 non
1476 981 1737 1053 nocetur,
1783 978 1885 1037 sed
1922 978 2103 1037 etiam
2137 979 2301 1037 flam-

282 1088 442 1126 mam
496 1086 568 1126 ex
620 1066 746 1144 igni
797 1086 918 1127 non
972 1066 1211 1142 recipit,
1263 1086 1373 1125 nec
1418 1066 1552 1143 ipsa
1595 1086 1704 1143 per
1746 1086 1809 1126 se
1851 1071 2051 1143 potest
2097 1068 2301 1126 ardere

283 1155 770 1392 nifflsaxum
804 1155 868 1214 in
903 1155 1141 1215 fornace
1179 1156 1255 1214 ad
1292 1156 1514 1215 calcem
1550 1157 1913 1231 coquendam
1950 1157 2083 1215 aliis
2118 1157 2300 1234 lignis
2329 1178 2382 1217 ιο

284 626 606 683 nascuntur
651 626 851 682 autem
895 641 998 682 eae
1044 622 1577 889 arboffiaxime
1616 622 1825 682 Cretae
1870 627 1931 682 et
1964 624 2203 683 Africae
2240 628 2302 683 et

283 1247 507 1303 uratur.
596 1262 704 1302 nec
757 1248 956 1303 tamen
1010 1246 1154 1303 tunc
1206 1236 1525 1326 fiamlmam
1576 1244 1790 1320 recipit
1837 1265 1945 1303 nec
1991 1246 2301 1305 carbonem
2321 1256 2408 1309 (1⁰)

284 1354 347 1392 re
549 1379 564 1409 ,
627 1333 730 1392 sed
792 1333 970 1410 longo
991 1354 1012 1374 0
1025 1334 1222 1409 spatio
1275 1332 1445 1392 tarde
1510 1333 1887 1420 cgmburitur.
1990 1334 2147 1410 quod
2212 1338 2301 1394 est

283 1422 529 1481 minima
591 1422 746 1499 ignis
811 1426 872 1481 et
936 1423 1086 1481 aeris
1146 1441 1178 1479 e
1231 1421 1541 1497 principiis
1604 1425 2033 1499 temperatura,
2098 1442 2300 1483 umore

286 1514 484 1570 autem
548 1514 608 1570 et
667 1513 902 1570 terreno
967 1514 1058 1569 est
1111 1511 1296 1586 spisse
1352 1510 1631 1587 solidata,
1695 1529 1814 1570 non
1866 1512 2046 1571 habet
2106 1512 2300 1588 spatia

281 1601 640 1661 foraminum
685 1618 804 1674 qua
849 1599 1040 1674 possit
1084 1599 1240 1676 ignis
1285 1602 1622 1675 penetrare,
1675 1600 1961 1677 reicitque
2007 1601 2133 1659 eius
2178 1602 2301 1660 vim
2329 1620 2380 1661 15

282 1710 389 1749 nec
434 1690 662 1765 patitur
705 1688 780 1745 ab
825 1706 894 1746 eo
941 1686 1057 1746 sibi
1100 1688 1218 1747 cito
1263 1688 1481 1763 noceri,
1525 1692 1883 1765 propterque
1929 1682 2179 1771 ponldus
2226 1690 2299 1748 ab
2319 1700 2407 1754 (15)

285 1798 441 1853 aqua
475 1797 596 1837 non
631 1777 972 1851 sustinetur,
1017 1775 1120 1835 sed
1157 1796 1294 1835 cum
1330 1779 1621 1853 portatur,
1668 1780 1771 1836 aut
1806 1778 1871 1835 in
1909 1778 2159 1837 navibus
2197 1782 2301 1837 aut

284 1885 461 1941 supra
506 1866 818 1942 abiegneas
863 1867 1022 1923 rates
1068 1866 1425 1924 conlocatur.

415 1954 506 2013 Ea
544 1956 742 2014 autem
776 1954 1052 2014 materies
1090 1954 1587 2031 quemadmodum
1630 1956 1711 2015 sit
1755 1955 1997 2015 inventa
2035 1959 2125 2016 est
2166 1975 2300 2016 cau-

284 2063 411 2104 sam
466 2062 829 2121 cognoscere.
921 2043 1092 2102 divus
1152 2043 1367 2102 Caesar
1420 2063 1554 2103 cum
1616 2046 1937 2104 exercitum
1998 2045 2300 2105 habuisset
2328 2066 2381 2104 so

284 2134 439 2192 circa
483 2132 668 2208 Alpes
712 2133 1238 2208 imperavissetque
1283 2133 1621 2209 municipiis
1667 2138 1969 2210 praestare
2016 2153 2301 2195 commea-

282 2225 380 2281 tus
424 2213 644 2303 ibilque
691 2225 844 2280 esset
888 2222 1199 2281 castellum
1241 2222 1540 2280 munitum
1584 2223 1744 2298 quod
1778 2223 2100 2283 vocabatur
2135 2222 2300 2281 Lari-
2321 2232 2409 2286 (²⁰)

284 2331 492 2388 gnum,
547 2313 688 2369 tunc
736 2311 839 2385 qui
891 2310 956 2368 in
1001 2329 1070 2368 eo
1122 2311 1364 2369 fuerunt
1408 2311 1668 2369 naturali
1722 2313 2050 2370 munitione
2098 2311 2303 2371 confisi

284 2400 601 2458 noluerunt
645 2399 893 2475 imperio
939 2418 1162 2474 parere.
1249 2399 1456 2474 itaque
1504 2400 1829 2475 imperator
1872 2403 2075 2476 copias
2128 2401 2301 2460 iussit

285 2489 600 2547 admoveri.
674 2491 802 2546 erat
848 2489 1047 2546 autem
1093 2491 1229 2546 ante
1277 2489 1401 2547 eius
1448 2489 1679 2547 castelli
1723 2493 1959 2566 portam
2002 2491 2184 2548 turris
2232 2479 2301 2547 ex
2330 2509 2380 2550 25

283 2578 394 2636 hac
437 2578 688 2636 materia
735 2577 978 2636 alternis
1022 2577 1290 2638 trabibus
1335 2578 1687 2638 transversis
1732 2579 1824 2637 uti
1860 2598 2009 2654 pyra
2046 2579 2203 2637 inter
2239 2598 2301 2638 se

284 2667 610 2743 composita
657 2666 794 2742 alte,
838 2667 927 2724 uti
969 2661 977 2745 Ι
1018 2669 1260 2742 possent
1304 2666 1377 2724 de
1422 2685 1650 2726 summo
1696 2666 1937 2726 sudibus
1984 2669 2045 2726 et
2088 2667 2299 2743 lapidi·
2319 2678 2407 2729 (25)

281 2755 392 2816 bus
449 2755 789 2815 accedentes
843 2756 1144 2831 repellere.
1244 2758 1387 2814 tunc
1441 2772 1580 2813 vero
1636 2775 1769 2814 cum
1830 2756 2301 2816 animadversum

283 2848 376 2903 est
431 2845 549 2903 alia
605 2863 703 2904 eos
757 2844 878 2903 tela
932 2847 1168 2920 praeter
1212 2845 1385 2903 sudes
1440 2863 1560 2902 non
1613 2845 1828 2904 habere
1884 2865 2073 2921 neque
2127 2863 2299 2921 posse

281 2933 518 3011 longius
575 2952 609 2991 a
662 2952 830 2991 muro
885 2935 1129 3009 propter
1180 2933 1411 3008 pondus
1464 2933 1736 3009 iaculari,
1798 2934 2156 3010 imperatum
2211 2935 2303 2992 est
2329 2954 2381 2994 :30

279 3023 592 3082 fasciculos
660 3041 731 3080 ex
783 3022 966 3100 virgis
1031 3022 1306 3099 alligatos
1373 3025 1433 3080 et
1494 3023 1653 3081 faces
1714 3023 1985 3082 ardentes
2042 3024 2117 3082 ad
2171 3042 2302 3081 eam

425 3214 454 3261 1
493 3206 780 3262 materies:
826 3210 906 3262 sic
945 3225 986 3263 ω
1022 3210 1080 3278 (i.
1119 3227 1159 3264 e.
1197 3208 1457 3264 materiei
1500 3216 1567 3264 ut
1594 3227 1653 3278 p.
1685 3211 1905 3279 60,12).
1957 3210 1966 3279 Ι
2018 3225 2085 3264 ea
2120 3227 2219 3264 om.
2262 3227 2304 3262 x

279 3277 379 3330 ubi
415 3277 645 3346 aephesi
673 3281 778 3347 H).
813 3280 832 3348 ss
867 3285 902 3332 4
941 3294 1040 3333 eae
1077 3281 1163 3351 (ee
1191 3279 1261 3348 S)
1291 3281 1426 3334 HS:
1465 3279 1536 3352 he
1566 3281 1633 3334 G.
1671 3282 1689 3349 ΙΙ
1727 3285 1758 3332 5
1797 3280 1896 3348 qui
1926 3325 1937 3335 .
1972 3323 1983 3335 .
2016 3324 2028 3335 .
2056 3282 2222 3335 notus
2259 3298 2301 3333 ω

282 3347 464 3413 (masc.
491 3355 554 3402 ut
579 3367 730 3404 nume
762 3351 882 3404 ital.
909 3351 1086 3419 hisp).
1117 3353 1135 3420 ΙΙ
1164 3356 1196 3403 6
1232 3351 1306 3406 is:
1345 3350 1433 3404 his
1462 3367 1517 3404 x.
1546 3353 1564 3418 [Ι
1594 3355 1623 3402 ’1
1663 3350 1927 3404 hadriani
1954 3353 2041 3406 H:
2081 3350 2301 3404 adriani

288 3414 403 3470 GS.
437 3419 446 3486 Ι
478 3419 597 3471 suci
623 3420 765 3490 (θοὴ
805 3436 936 3474 suco
964 3439 1020 3476 x.
1049 3423 1068 3490 ΙΙ
1095 3426 1126 3473 9
1164 3421 1286 3490 ipse
1313 3439 1369 3477 x.
1396 3425 1415 3491 ΙΙ
1446 3426 1510 3474 18
1549 3421 1819 3491 abiegnas
1849 3423 1917 3476 H
1925 3423 1993 3490 G,
2030 3421 2301 3491 abigenas

285 3483 331 3537 S
374 3489 464 3554 (cf.
495 3505 553 3555 p.
593 3494 721 3556 166,
739 3493 809 3558 5).
865 3493 884 3560 ΙΙ
941 3496 1006 3545 19
1054 3507 1308 3556 causam:
1359 3508 1529 3546 causa
1563 3510 1619 3548 ω.
1674 3495 1693 3563 ΙΙ
1749 3499 1815 3546 22
1860 3495 2156 3548 vocaretur
2190 3509 2243 3547 x.
2281 3491 2301 3564 ΙΙ

286 3559 355 3606 27
392 3559 583 3625 posset
621 3560 713 3628 (G,
746 3561 926 3629 poss&
955 3562 1024 3614 H
1029 3561 1093 3632 S)
1130 3581 1184 3616 x.

2646 664 2648 691 1'

2646 710 2649 785 i

2646 786 2648 811 1
