2664 3927
373 178 414 242 2
1218 174 1552 230 vrmnvn

370 326 800 403 transtulisset,
852 326 1012 385 idem
1063 325 1330 386 studium
1383 345 1580 384 meum
1633 325 1697 383 in
1752 325 1877 385 eius
1930 326 2216 386 memoria
2259 346 2393 402 per·

369 434 616 475 manens
672 415 736 475 in
788 419 852 474 te
906 415 1161 476 contulit
1213 415 1497 475 favorem.
1585 413 1793 490 itaque
1840 433 1974 474 cum
2016 414 2095 473 M.
2141 415 2392 476 Aurelio

371 507 434 564 et
465 503 532 563 P.
569 504 819 565 Minidio
857 507 920 564 et
955 502 1064 563 Gn.
1103 502 1378 563 Cornelio
1416 503 1494 562 ad
1530 503 1979 579 apparationem
2012 503 2395 592 sttarum

374 584 384 674 Ι
408 595 469 653 et
501 593 876 670 scorpionum
909 592 1390 668 reliquorumque
1421 591 2267 688 tormentorunxmfmfinnem
2300 593 2395 652 fui
2416 610 2482 661 (5)

369 684 608 758 praesto
669 684 731 741 et
787 701 922 742 cum
975 681 1058 741 eis
1115 681 1422 740 commoda
1477 681 1693 757 accepi.
1793 699 1948 757 quae
2004 699 2139 740 cum
2198 681 2397 757 primo·
2422 707 2451 748 ⁶

369 771 517 830 mihi
559 770 854 846 tribuisti,
897 769 1364 848 recognitionem
1406 769 1775 857 peQris
1821 770 2392 830 commendationem

301 876 333 924 3
371 860 641 920 servasti.
731 878 864 918 cum
919 877 1059 938 ergo
1114 877 1184 919 eo
1236 857 1520 919 beneficio
1574 876 1766 918 essem
1810 857 2138 936 obligzztm,
2192 863 2261 918 ut
2315 859 2394 918 ad

372 949 596 1007 exitum
657 949 819 1007 vitae
881 966 1030 1016 non,
1063 947 1345 1007 haberem
1404 946 1643 1023 inopiae
1706 947 2007 1022 timorem,
2070 948 2217 1006 haec
2279 947 2393 1007 tibi

373 1035 626 1098 scribere
664 1037 830 1113 coepi
867 1036 1025 1113 quod
1063 1029 1074 1114 Ι
1115 1036 1511 1096 animadverti
1550 1037 1743 1095 multa
1786 1039 1847 1095 te
1894 1035 2296 1096 aedificavisse
2332 1039 2395 1096 et
2414 1055 2512 1105 (ιο)

371 1144 528 1185 nunc
573 1125 901 1218 aedificare,
945 1125 1176 1202 reliquo
1213 1143 1451 1202 quoque
1494 1127 1762 1201 tempore
1809 1127 1870 1184 et
1886 1113 2287 1201 ''pTsBIicorum
2332 1128 2394 1185 et
2424 1153 2480 1193 ιο

349 1201 742 1291 ‘privatorum
789 1213 1189 1274 aedificiorum
1241 1234 1350 1290 pro
1408 1213 1800 1290 amplitudine
2088 1217 2394 1292 gestarum

373 1307 443 1362 ut
495 1305 748 1380 posteris
801 1303 1120 1364 memoriae
1172 1303 1491 1363 tradantur
1544 1321 1750 1362 curam
1801 1233 2165 1367 hffium.
2256 1321 2389 1363 con-

373 1393 580 1468 scripsi
616 1392 1110 1469 praescriptiones
1146 1392 1517 1467 terminatas,
1562 1394 1634 1451 ut
1668 1409 1769 1452 eas
1808 1393 2119 1451 attendens
2156 1394 2218 1451 et
2253 1395 2391 1452 ante

372 1482 536 1542 facta
571 1484 633 1541 et
665 1482 875 1541 ἕαται-α
903 1481 1107 1557 qualia
1134 1481 1256 1540 sint
1283 1498 1463 1557 opera
1488 1499 1597 1556 per
1625 1471 1635 1562 Ι
1665 1483 1726 1539 te
1753 1499 1957 1556 posses
1983 1484 2131 1541 nota
2156 1479 2389 1540 habere.
2410 1499 2508 1552 (ιε)

295 1623 297 1626 ⁴
371 1589 628 1646 namque
662 1570 755 1630 his
791 1569 1190 1630 voluminibus
1228 1568 1439 1646 aperui
1474 1587 1676 1628 omnes
1722 1568 2067 1646 disciplinae
2112 1569 2390 1630 rationeS.
2421 1597 2480 1638 15

307 1671 334 1724 Ι
503 1658 833 1718 Architecti
897 1662 988 1718 est
1049 1657 1300 1718 scientia
1361 1656 1631 1735 pluribus
1696 1657 2023 1734 disciplinis
2086 1661 2148 1717 et
2208 1659 2390 1718 variis

370 1746 806 1807 eruditionibus
852 1750 1092 1823 ornata,
1139 1746 1308 1806 cuius
1355 1746 1577 1807 iudicio
1622 1746 1951 1822 probantur
1995 1746 2193 1808 omnia
2237 1766 2391 1824 quae

371 1834 446 1895 ab
503 1835 713 1895 ceteris
768 1835 997 1895 artibus
1042 1835 1431 1912 perficiuntur
1475 1853 1671 1912 opera.
1763 1854 1835 1894 ea
1878 1835 2143 1895 nascitur
2186 1855 2258 1894 ex
2301 1837 2389 1894 fa-

367 1923 534 1985 brica
585 1927 646 1984 et
685 1919 694 2003 Ι
733 1924 1204 1986 ratiocinatione.
1291 1923 1521 1985 fabrica
1565 1927 1657 1984 est
1706 1923 2057 1985 continuata
2110 1942 2181 1985 ac
2229 1924 2378 1986 trita
2394 1943 2501 1998 (so)

369 2032 515 2074 usus
568 2013 879 2074 meditatio
894 2060 909 2089 ‚
964 2033 1085 2090 qua
1136 2015 1409 2074 manibus
1462 2013 1767 2091 perficitur
1810 2034 1841 2073 e
1891 2009 2145 2075 materia
2199 2015 2392 2075 cuius-
2422 2042 2482 2085 ω

372 2121 624 2179 cumque
689 2103 918 2179 generis
985 2121 1133 2179 opus
1197 2106 1288 2163 est
1347 2103 1424 2163 ad
1494 2103 1866 2181 propositum
1928 2103 2389 2164 deformationis.

369 2191 751 2251 ratiocinatio
789 2195 990 2251 autem
1027 2195 1117 2251 est
1152 2211 1306 2268 quae
1341 2210 1437 2251 res
1472 2191 1795 2251 fabricatas
1832 2191 2115 2267 sollertia,
2158 2192 2391 2252 ratione

301 2296 333 2345 2
369 2280 769 2358 proportionis
822 2280 1226 2340 demonstrare
1281 2283 1463 2357 atque
1518 2280 1811 2357 explicare
1867 2283 2081 2357 potest.
2180 2281 2390 2357 itaque

372 2369 681 2429 architecti
718 2369 822 2445 qui
859 2369 985 2428 sine
1025 2369 1243 2429 litteris
1273 2362 1284 2451 Ι
1317 2369 1743 2429 contenderant
1776 2373 1849 2429 ut
1882 2369 2158 2429 manibus
2196 2373 2392 2429 essent
2407 2387 2509 2439 (25)

371 2457 694 2533 exercitati,
729 2477 850 2517 non
884 2460 1208 2534 potuerunt
1245 2458 1475 2517 efficere
1511 2461 1581 2517 ut
1614 2458 1902 2519 haberent
1937 2477 2047 2535 pro
2085 2457 2389 2520 laboribus
2415 2486 2477 2527 25

371 2546 804 2622 auctoritatem,
849 2547 953 2623 qui
998 2549 1198 2607 autem
1238 2542 1246 2624 Ι
1285 2546 1843 2607 ratiocinationibus
1880 2550 1942 2607 et
1983 2547 2201 2607 litteris
2246 2547 2390 2607 solis
2422 2553 2467 2608 3

512 2739 544 2787 3
579 2732 938 2789 ballistarum
976 2735 1053 2791 G:
1100 2732 1439 2790 balistarum
1474 2734 1592 2791 HS
1623 2738 1705 2806 (ut
1731 2752 1795 2806 p.
1824 2739 1931 2804 033
1968 2736 2047 2791 ed.
2078 2753 2169 2806 pr.
2206 2742 2258 2791 et
2290 2737 2390 2793 ubi

369 2804 633 2871 ballistae
662 2805 754 2860 ΗΟ
778 2810 868 2874 12,
885 2809 962 2862 20
988 2812 1103 2875 eta,
1132 2806 1227 2862 sed
1252 2806 1396 2862 idem
1420 2807 1485 2861 in
1514 2808 1548 2861 l.
1573 2808 1635 2861 Χ
1661 2808 1980 2878 plerumque
2014 2823 2116 2863 scr.
2154 2804 2297 2861 ball-
2324 2814 2391 2863 ut

369 2911 464 2967 eqo
497 2910 719 2965 semper,
753 2912 875 2951 cwm
899 2912 1001 2951 rec.
1031 2894 1198 2951 PSG
1225 2896 1551 2965 praeferant
1582 2894 1743 2964 bal-).
1772 2896 1792 2965 ΙΙ
1818 2902 1853 2949 4
1888 2885 2239 2967 scorpionem
2267 2895 2343 2950 H.

369 2971 403 3019 ὅ
441 2981 586 3035 quae
622 2964 765 3039 (Que
803 2966 867 3036 S)
913 2983 1040 3021 cum
1076 2965 1146 3020 H
1146 2966 1193 3022 S
1197 2989 1210 3022 z
1263 2965 1510 3039 Queciiq,
1549 2965 1616 3022 G.
1662 2968 1682 3036 ΙΙ
1727 2972 1759 3020 6
1794 2966 2250 3037 recognotionem
2286 2967 2340 3023 S.

371 3040 403 3090 7
450 3034 707 3105 (servasti
771 3034 833 3089 in
877 3036 1082 3092 animo.
1129 3038 1256 3093 add.
1297 3038 1344 3093 S
1382 3038 1500 3107 (suo
1544 3039 1761 3109 errore).
1806 3040 1826 3107 ΙΙ
1873 3043 1940 3092 10
1986 3036 2389 3095 aedificaviss&

367 3114 498 3163 ante
540 3123 649 3163 ras.
755 3150 766 3160 .
811 3108 832 3177 ΙΙ
879 3112 944 3161 12
988 3108 1345 3163 traderentur
1393 3110 1575 3179 (quasi
1628 3109 1700 3165 ab
1748 3110 2062 3181 gestarum)
2107 3127 2149 3165 ω
2193 3111 2282 3181 (cf.
2322 3126 2386 3179 p.

368 3181 498 3247 103,
527 3180 641 3249 22).
695 3178 716 3247 fl
771 3182 840 3231 14
884 3180 1017 3233 sunt
1060 3180 1133 3247 (a.
1171 3181 1239 3249 ο.)
1289 3180 1356 3235 G.
1410 3181 1432 3250 ΙΙ
1486 3185 1552 3234 17
1599 3178 1757 3234 cuius
1812 3178 2021 3235 iudicio
2074 3179 2391 3252 probantur

371 3246 561 3303 omnia
599 3248 706 3305 ΘΒ
745 3249 838 3318 (cf.
869 3267 927 3318 p.
967 3253 1093 3318 132,
1118 3252 1238 3319 24):
1284 3267 1385 3306 om.
1416 3250 1493 3306 H.
1626 3254 1692 3304 18
1739 3267 1807 3306 ex
1854 3251 1977 3307 GS:
2024 3251 2071 3307 ἃ
2116 3254 2215 3323 (et)
2252 3251 2330 3307 H.

371 3324 440 3373 20
476 3336 622 3389 quae
659 3320 789 3393 (que
826 3319 951 3389 ΒΘ)
985 3337 1040 3376 oe.
1086 3322 1106 3391 ΙΙ
1150 3320 1307 3375 cuius
1355 3336 1591 3390 cumque
1630 3322 1697 3375 H
1704 3322 1781 3378 G:
1828 3320 1994 3377 unius
2039 3322 2307 3393 cuiusque

369 3390 557 3460 (unius
602 3398 729 3446 ante
778 3390 936 3445 cuius
992 3408 1230 3461 cumque
1275 3394 1404 3448 add.
1456 3393 1530 3449 Ge
1553 3435 1565 3447 .
1619 3396 1640 3463 ΙΙ
1693 3398 1761 3447 22
1808 3394 2041 3463 quaeres
2087 3397 2214 3465 (sic,
2262 3412 2390 3451 cum

369 3462 544 3543 apice,
575 3468 642 3517 ut
673 3478 802 3544 mox
827 3479 886 3531 p.
919 3466 972 3529 3,
998 3469 1055 3520 2.
1087 3467 1124 3518 6
1159 3465 1275 3532 ete.)
1312 3463 1389 3518 H.
1421 3462 1433 3535 Ι
1464 3464 1749 3520 solertiae
1785 3464 1911 3539 (daie
1949 3465 2073 3535 GS)
2111 3482 2177 3520 ac
2212 3464 2389 3519 ratio·
2640 3478 2642 3495 ²

368 3548 458 3586 ms
493 3535 851 3602 proportione
887 3552 928 3590 x
963 3535 1054 3605 (cf.
1086 3553 1145 3604 p.
1179 3537 1269 3603 65,
1289 3538 1339 3589 6.
1380 3538 1600 3605 10,18).
2640 3530 2642 3638 Ι

149 3630 720 3729 ΝΜ
