<?xml version="1.0" encoding="UTF-8"?>
<!DOCTYPE html PUBLIC "-//W3C//DTD XHTML 1.0 Transitional//EN"
    "http://www.w3.org/TR/xhtml1/DTD/xhtml1-transitional.dtd">
<html xmlns="http://www.w3.org/1999/xhtml" xml:lang="en" lang="en">
 <head>
  <title>
</title>
<meta http-equiv="Content-Type" content="text/html;charset=utf-8" />
  <meta name='ocr-system' content='tesseract 3.04.00' />
  <meta name='ocr-capabilities' content='ocr_page ocr_carea ocr_par ocr_line ocrx_word'/>
</head>
<body>
  <div class='ocr_page' id='page_1' title='image "./vitruviidearchi00pollgoog_0159.png"; bbox 0 0 2664 3927; ppageno 0'>
   <div class='ocr_carea' id='block_1_1' title="bbox 697 211 2293 285">
    <p class='ocr_par' dir='ltr' id='par_1_1' title="bbox 697 211 2293 285">
     <span class='ocr_line' id='line_1_1' title="bbox 697 211 2293 285; baseline 0.01 -19"><span class='ocrx_word' id='word_1_1' title='bbox 697 213 794 266; x_wconf 87' lang='lat' dir='ltr'><strong>DE</strong></span> <span class='ocrx_word' id='word_1_2' title='bbox 830 211 1390 269; x_wconf 83' lang='lat' dir='ltr'><strong>ARCHITECTURA</strong></span> <span class='ocrx_word' id='word_1_3' title='bbox 1424 211 1557 270; x_wconf 89' lang='lat' dir='ltr'><strong>LIB.</strong></span> <span class='ocrx_word' id='word_1_4' title='bbox 1596 214 1661 285; x_wconf 92' lang='lat' dir='ltr'><strong>V,</strong></span> <span class='ocrx_word' id='word_1_5' title='bbox 1702 221 1749 270; x_wconf 90' lang='lat'><strong>9.</strong></span> <span class='ocrx_word' id='word_1_6' title='bbox 1792 221 1858 270; x_wconf 91' lang='grc'><strong>10</strong></span> <span class='ocrx_word' id='word_1_7' title='bbox 2166 216 2293 281; x_wconf 81' lang='grc'><strong>123</strong></span> 
     </span>
    </p>
   </div>
   <div class='ocr_carea' id='block_1_2' title="bbox 85 363 2375 3013">
    <p class='ocr_par' dir='ltr' id='par_1_2' title="bbox 85 363 2375 3013">
     <span class='ocr_line' id='line_1_2' title="bbox 272 363 2294 442; baseline 0.002 -19"><span class='ocrx_word' id='word_1_8' title='bbox 272 365 387 424; x_wconf 89' lang='lat' dir='ltr'><strong>lice</strong></span> <span class='ocrx_word' id='word_1_9' title='bbox 431 364 833 440; x_wconf 83' lang='lat' dir='ltr'><strong>privatimque</strong></span> <span class='ocrx_word' id='word_1_10' title='bbox 881 363 1209 440; x_wconf 84' lang='lat' dir='ltr'><strong>expeditius</strong></span> <span class='ocrx_word' id='word_1_11' title='bbox 1256 368 1657 442; x_wconf 89' lang='lat' dir='ltr'><strong>congeruntur</strong></span> <span class='ocrx_word' id='word_1_12' title='bbox 1710 368 1771 424; x_wconf 90' lang='lat' dir='ltr'><strong>et</strong></span> <span class='ocrx_word' id='word_1_13' title='bbox 1814 366 1865 425; x_wconf 88' lang='lat' dir='ltr'><strong>si</strong></span> <span class='ocrx_word' id='word_1_14' title='bbox 1911 366 2078 441; x_wconf 90' lang='lat' dir='ltr'><strong>defit,</strong></span> <span class='ocrx_word' id='word_1_15' title='bbox 2131 368 2294 427; x_wconf 89' lang='lat' dir='ltr'><strong>hole-</strong></span> 
     </span>
     <span class='ocr_line' id='line_1_3' title="bbox 271 452 2294 531; baseline 0.002 -19"><span class='ocrx_word' id='word_1_16' title='bbox 271 453 437 512; x_wconf 90' lang='lat' dir='ltr'><strong>ribus</strong></span> <span class='ocrx_word' id='word_1_17' title='bbox 501 472 674 512; x_wconf 83' lang='lat' dir='ltr'><strong>carne</strong></span> <span class='ocrx_word' id='word_1_18' title='bbox 739 470 842 512; x_wconf 87' lang='lat' dir='ltr'><strong>seu</strong></span> <span class='ocrx_word' id='word_1_19' title='bbox 904 452 1300 529; x_wconf 85' lang='lat' dir='ltr'><strong>leguminibus</strong></span> <span class='ocrx_word' id='word_1_20' title='bbox 1368 454 1729 529; x_wconf 85' lang='lat' dir='ltr'><strong>defenditur,</strong></span> <span class='ocrx_word' id='word_1_21' title='bbox 1795 473 1985 531; x_wconf 88' lang='lat' dir='ltr'><strong>aquae</strong></span> <span class='ocrx_word' id='word_1_22' title='bbox 2047 456 2294 516; x_wconf 84' lang='lat' dir='ltr'><strong>fossuris</strong></span> 
     </span>
     <span class='ocr_line' id='line_1_4' title="bbox 273 541 2293 644; baseline 0.002 -44"><span class='ocrx_word' id='word_1_23' title='bbox 273 545 591 620; x_wconf 86' lang='lat' dir='ltr'><strong>puteorum</strong></span> <span class='ocrx_word' id='word_1_24' title='bbox 637 545 697 601; x_wconf 94' lang='lat' dir='ltr'><strong>et</strong></span> <span class='ocrx_word' id='word_1_25' title='bbox 742 541 813 599; x_wconf 90' lang='lat' dir='ltr'><strong>de</strong></span> <span class='ocrx_word' id='word_1_26' title='bbox 867 541 1032 600; x_wconf 90' lang='lat' dir='ltr'><strong>caelo</strong></span> <span class='ocrx_word' id='word_1_27' title='bbox 1077 542 1403 616; x_wconf 78' lang='lat' dir='ltr'><strong>repentinis</strong></span> <span class='ocrx_word' id='word_1_28' title='bbox 1448 543 1905 644; x_wconf 73' lang='lat' dir='ltr'><strong>tempestatibus</strong></span> <span class='ocrx_word' id='word_1_29' title='bbox 1961 563 2032 603; x_wconf 86' lang='lat' dir='ltr'><strong>ex</strong></span> <span class='ocrx_word' id='word_1_30' title='bbox 2075 545 2293 624; x_wconf 81' lang='lat' dir='ltr'><strong>tegulis</strong></span> 
     </span>
     <span class='ocr_line' id='line_1_5' title="bbox 157 621 2296 711; baseline 0.004 -27"><span class='ocrx_word' id='word_1_31' title='bbox 157 643 254 694; x_wconf 75' lang='lat' dir='ltr'><strong>(so)</strong></span> <span class='ocrx_word' id='word_1_32' title='bbox 276 631 664 707; x_wconf 81' lang='lat' dir='ltr'><strong>excipiuntur.</strong></span> <span class='ocrx_word' id='word_1_33' title='bbox 767 629 838 688; x_wconf 92' lang='lat' dir='ltr'><strong>de</strong></span> <span class='ocrx_word' id='word_1_34' title='bbox 901 621 1248 711; x_wconf 79' lang='lat' dir='ltr'><strong>lignaltione</strong></span> <span class='ocrx_word' id='word_1_35' title='bbox 1303 650 1455 706; x_wconf 90' lang='lat' dir='ltr'><strong>quae</strong></span> <span class='ocrx_word' id='word_1_36' title='bbox 1509 632 1763 691; x_wconf 87' lang='lat' dir='ltr'><strong>maxime</strong></span> <span class='ocrx_word' id='word_1_37' title='bbox 1818 632 2151 692; x_wconf 88' lang='lat' dir='ltr'><strong>necessaria</strong></span> <span class='ocrx_word' id='word_1_38' title='bbox 2205 636 2296 693; x_wconf 88' lang='lat' dir='ltr'><strong>est</strong></span> 
     </span>
     <span class='ocr_line' id='line_1_6' title="bbox 219 718 2295 823; baseline 0 -42"><span class='ocrx_word' id='word_1_39' title='bbox 219 740 246 781; x_wconf 83' lang='lat'>5</span> <span class='ocrx_word' id='word_1_40' title='bbox 276 720 354 778; x_wconf 90' lang='lat' dir='ltr'><strong>ad</strong></span> <span class='ocrx_word' id='word_1_41' title='bbox 399 719 595 779; x_wconf 90' lang='lat' dir='ltr'><strong>cibum</strong></span> <span class='ocrx_word' id='word_1_42' title='bbox 639 718 1038 794; x_wconf 89' lang='lat' dir='ltr'><strong>coquendum,</strong></span> <span class='ocrx_word' id='word_1_43' title='bbox 1091 718 1350 778; x_wconf 84' lang='lat' dir='ltr'><strong>difficilis</strong></span> <span class='ocrx_word' id='word_1_44' title='bbox 1406 723 1467 778; x_wconf 90' lang='lat' dir='ltr'><strong>et</strong></span> <span class='ocrx_word' id='word_1_45' title='bbox 1517 722 1769 780; x_wconf 88' lang='lat' dir='ltr'><strong>molesta</strong></span> <span class='ocrx_word' id='word_1_46' title='bbox 1825 725 1915 780; x_wconf 89' lang='lat' dir='ltr'><strong>est</strong></span> <span class='ocrx_word' id='word_1_47' title='bbox 1960 721 2295 823; x_wconf 85' lang='lat' dir='ltr'><strong>apparatio,</strong></span> 
     </span>
     <span class='ocr_line' id='line_1_7' title="bbox 275 807 2364 885; baseline 0.003 -18"><span class='ocrx_word' id='word_1_48' title='bbox 275 809 434 885; x_wconf 89' lang='lat' dir='ltr'><strong>quod</strong></span> <span class='ocrx_word' id='word_1_49' title='bbox 479 810 541 867; x_wconf 90' lang='lat' dir='ltr'><strong>et</strong></span> <span class='ocrx_word' id='word_1_50' title='bbox 583 807 752 866; x_wconf 87' lang='lat' dir='ltr'><strong>tarde</strong></span> <span class='ocrx_word' id='word_1_51' title='bbox 800 809 1207 883; x_wconf 84' lang='lat' dir='ltr'><strong>comportatur</strong></span> <span class='ocrx_word' id='word_1_52' title='bbox 1261 811 1322 867; x_wconf 87' lang='lat' dir='ltr'><strong>et</strong></span> <span class='ocrx_word' id='word_1_53' title='bbox 1375 809 1510 883; x_wconf 85' lang='lat' dir='ltr'><strong>plus</strong></span> <span class='ocrx_word' id='word_1_54' title='bbox 1558 811 1941 869; x_wconf 90' lang='lat' dir='ltr'><strong>consumitur.</strong></span> <span class='ocrx_word' id='word_1_55' title='bbox 2032 811 2096 870; x_wconf 92' lang='lat' dir='ltr'><strong>in</strong></span> <span class='ocrx_word' id='word_1_56' title='bbox 2143 811 2292 870; x_wconf 90' lang='lat' dir='ltr'><strong>eius·</strong></span> <span class='ocrx_word' id='word_1_57' title='bbox 2332 825 2364 874; x_wconf 99' lang='lat'>9</span> 
     </span>
     <span class='ocr_line' id='line_1_8' title="bbox 151 895 2296 976; baseline 0.001 -21"><span class='ocrx_word' id='word_1_58' title='bbox 151 901 166 916; x_wconf 87' lang='lat'><em>&#39;</em></span> <span class='ocrx_word' id='word_1_59' title='bbox 273 897 436 956; x_wconf 90' lang='lat' dir='ltr'><strong>modi</strong></span> <span class='ocrx_word' id='word_1_60' title='bbox 505 895 870 972; x_wconf 81' lang='lat' dir='ltr'><strong>temporibus</strong></span> <span class='ocrx_word' id='word_1_61' title='bbox 940 898 1082 954; x_wconf 91' lang='lat' dir='ltr'><strong>tunc</strong></span> <span class='ocrx_word' id='word_1_62' title='bbox 1147 914 1250 954; x_wconf 90' lang='lat' dir='ltr'><strong>eae</strong></span> <span class='ocrx_word' id='word_1_63' title='bbox 1313 897 1747 957; x_wconf 82' lang='lat' dir='ltr'><strong>ambulationes</strong></span> <span class='ocrx_word' id='word_1_64' title='bbox 1819 899 2171 976; x_wconf 88' lang='lat' dir='ltr'><strong>aperiuntur</strong></span> <span class='ocrx_word' id='word_1_65' title='bbox 2232 901 2296 958; x_wconf 95' lang='lat' dir='ltr'><strong>et</strong></span> 
     </span>
     <span class='ocr_line' id='line_1_9' title="bbox 271 984 2295 1065; baseline 0.002 -22"><span class='ocrx_word' id='word_1_66' title='bbox 271 1004 584 1045; x_wconf 83' lang='lat' dir='ltr'><strong>mensurae</strong></span> <span class='ocrx_word' id='word_1_67' title='bbox 655 984 932 1043; x_wconf 85' lang='lat' dir='ltr'><strong>tributim</strong></span> <span class='ocrx_word' id='word_1_68' title='bbox 1004 984 1253 1060; x_wconf 86' lang='lat' dir='ltr'><strong>singulis</strong></span> <span class='ocrx_word' id='word_1_69' title='bbox 1326 985 1623 1061; x_wconf 79' lang='lat' dir='ltr'><strong>capitibus</strong></span> <span class='ocrx_word' id='word_1_70' title='bbox 1695 986 2097 1065; x_wconf 84' lang='lat' dir='ltr'><strong>designantur.</strong></span> <span class='ocrx_word' id='word_1_71' title='bbox 2206 988 2295 1047; x_wconf 91' lang='lat' dir='ltr'><strong>ita</strong></span> 
     </span>
     <span class='ocr_line' id='line_1_10' title="bbox 154 1067 2297 1156; baseline -0 -21"><span class='ocrx_word' id='word_1_72' title='bbox 154 1086 254 1137; x_wconf 77' lang='lat'>(2⁵)</span> <span class='ocrx_word' id='word_1_73' title='bbox 275 1073 424 1132; x_wconf 86' lang='lat' dir='ltr'><strong>duas</strong></span> <span class='ocrx_word' id='word_1_74' title='bbox 450 1092 543 1132; x_wconf 86' lang='lat' dir='ltr'><strong>res</strong></span> <span class='ocrx_word' id='word_1_75' title='bbox 572 1073 838 1150; x_wconf 78' lang='lat' dir='ltr'><strong>egregias</strong></span> <span class='ocrx_word' id='word_1_76' title='bbox 864 1073 1232 1148; x_wconf 79' lang='lat' dir='ltr'><strong>hypaethroe</strong></span> <span class='ocrx_word' id='word_1_77' title='bbox 1261 1073 1697 1134; x_wconf 82' lang='lat' dir='ltr'><strong>ambulationes</strong></span> <span class='ocrx_word' id='word_1_78' title='bbox 1720 1067 1729 1156; x_wconf 81' lang='grc' dir='ltr'>Ι</span> <span class='ocrx_word' id='word_1_79' title='bbox 1752 1079 2078 1151; x_wconf 81' lang='lat' dir='ltr'><strong>praestant,</strong></span> <span class='ocrx_word' id='word_1_80' title='bbox 2113 1095 2297 1134; x_wconf 90' lang='lat' dir='ltr'><strong>unam</strong></span> 
     </span>
     <span class='ocr_line' id='line_1_11' title="bbox 189 1161 2295 1242; baseline 0.001 -20"><span class='ocrx_word' id='word_1_81' title='bbox 189 1184 246 1222; x_wconf 79' lang='grc' dir='ltr'><strong>ιο</strong></span> <span class='ocrx_word' id='word_1_82' title='bbox 273 1162 338 1221; x_wconf 87' lang='grc'><strong>111</strong></span> <span class='ocrx_word' id='word_1_83' title='bbox 390 1181 536 1238; x_wconf 92' lang='lat' dir='ltr'><strong>pace</strong></span> <span class='ocrx_word' id='word_1_84' title='bbox 592 1161 985 1237; x_wconf 86' lang='lat' dir='ltr'><strong>salubritatis,</strong></span> <span class='ocrx_word' id='word_1_85' title='bbox 1049 1161 1303 1220; x_wconf 84' lang='lat' dir='ltr'><strong>alteram</strong></span> <span class='ocrx_word' id='word_1_86' title='bbox 1356 1162 1421 1219; x_wconf 91' lang='lat' dir='ltr'><strong>in</strong></span> <span class='ocrx_word' id='word_1_87' title='bbox 1472 1162 1631 1222; x_wconf 91' lang='lat' dir='ltr'><strong>bello</strong></span> <span class='ocrx_word' id='word_1_88' title='bbox 1686 1163 1915 1223; x_wconf 87' lang='lat' dir='ltr'><strong>salutis.</strong></span> <span class='ocrx_word' id='word_1_89' title='bbox 2007 1184 2148 1242; x_wconf 86' lang='lat' dir='ltr'><strong>ergo</strong></span> <span class='ocrx_word' id='word_1_90' title='bbox 2200 1165 2295 1224; x_wconf 85' lang='lat' dir='ltr'><strong>his</strong></span> 
     </span>
     <span class='ocr_line' id='line_1_12' title="bbox 273 1250 2297 1329; baseline 0.001 -19"><span class='ocrx_word' id='word_1_91' title='bbox 273 1250 604 1310; x_wconf 87' lang='lat' dir='ltr'><strong>rationibus</strong></span> <span class='ocrx_word' id='word_1_92' title='bbox 675 1250 1148 1310; x_wconf 85' lang='lat' dir='ltr'><strong>ambulationum</strong></span> <span class='ocrx_word' id='word_1_93' title='bbox 1218 1250 1496 1326; x_wconf 85' lang='lat' dir='ltr'><strong>explicati</strong></span> <span class='ocrx_word' id='word_1_94' title='bbox 1504 1269 1642 1310; x_wconf 87' lang='lat' dir='ltr'><strong>ones</strong></span> <span class='ocrx_word' id='word_1_95' title='bbox 1704 1271 1824 1310; x_wconf 93' lang='lat' dir='ltr'><strong>non</strong></span> <span class='ocrx_word' id='word_1_96' title='bbox 1897 1253 2090 1311; x_wconf 89' lang='lat' dir='ltr'><strong>solum</strong></span> <span class='ocrx_word' id='word_1_97' title='bbox 2158 1257 2297 1329; x_wconf 86' lang='lat' dir='ltr'><strong>post</strong></span> 
     </span>
     <span class='ocr_line' id='line_1_13' title="bbox 275 1339 2294 1415; baseline 0.001 -18"><span class='ocrx_word' id='word_1_98' title='bbox 275 1357 548 1398; x_wconf 85' lang='lat' dir='ltr'><strong>scaenam</strong></span> <span class='ocrx_word' id='word_1_99' title='bbox 593 1339 854 1398; x_wconf 87' lang='lat' dir='ltr'><strong>theatris.</strong></span> <span class='ocrx_word' id='word_1_100' title='bbox 888 1339 992 1399; x_wconf 91' lang='lat' dir='ltr'><strong>sed</strong></span> <span class='ocrx_word' id='word_1_101' title='bbox 1037 1339 1220 1398; x_wconf 89' lang='lat' dir='ltr'><strong>etiam</strong></span> <span class='ocrx_word' id='word_1_102' title='bbox 1265 1339 1531 1397; x_wconf 88' lang='lat' dir='ltr'><strong>omnium</strong></span> <span class='ocrx_word' id='word_1_103' title='bbox 1569 1339 1816 1398; x_wconf 91' lang='lat' dir='ltr'><strong>deorum</strong></span> <span class='ocrx_word' id='word_1_104' title='bbox 1850 1341 2089 1415; x_wconf 87' lang='lat' dir='ltr'><strong>templis</strong></span> <span class='ocrx_word' id='word_1_105' title='bbox 2127 1342 2294 1399; x_wconf 87' lang='lat' dir='ltr'><strong>effec-</strong></span> 
     </span>
     <span class='ocr_line' id='line_1_14' title="bbox 273 1428 2090 1506; baseline 0.001 -20"><span class='ocrx_word' id='word_1_106' title='bbox 273 1431 374 1486; x_wconf 88' lang='lat' dir='ltr'><strong>tae</strong></span> <span class='ocrx_word' id='word_1_107' title='bbox 417 1447 664 1506; x_wconf 77' lang='lat' dir='ltr'><strong>mag-nas</strong></span> <span class='ocrx_word' id='word_1_108' title='bbox 710 1428 1053 1488; x_wconf 83' lang='lat' dir='ltr'><strong>civitatibus</strong></span> <span class='ocrx_word' id='word_1_109' title='bbox 1097 1431 1403 1504; x_wconf 85' lang='lat' dir='ltr'><strong>praestare</strong></span> <span class='ocrx_word' id='word_1_110' title='bbox 1447 1431 1734 1504; x_wconf 88' lang='lat' dir='ltr'><strong>poterunt</strong></span> <span class='ocrx_word' id='word_1_111' title='bbox 1778 1428 2090 1488; x_wconf 77' lang='lat' dir='ltr'><strong>utilitates·</strong></span> 
     </span>
     <span class='ocr_line' id='line_1_15' title="bbox 409 1515 2298 1593; baseline 0 -19"><span class='ocrx_word' id='word_1_112' title='bbox 409 1515 698 1586; x_wconf 84' lang='lat' dir='ltr'><strong>Quoniam</strong></span> <span class='ocrx_word' id='word_1_113' title='bbox 741 1518 888 1577; x_wconf 88' lang='lat' dir='ltr'><strong>haec</strong></span> <span class='ocrx_word' id='word_1_114' title='bbox 931 1517 1102 1576; x_wconf 90' lang='lat' dir='ltr'><strong>nobis</strong></span> <span class='ocrx_word' id='word_1_115' title='bbox 1147 1517 1296 1576; x_wconf 87' lang='lat' dir='ltr'><strong>satis</strong></span> <span class='ocrx_word' id='word_1_116' title='bbox 1331 1516 1611 1576; x_wconf 83' lang='lat' dir='ltr'><strong>videntur</strong></span> <span class='ocrx_word' id='word_1_117' title='bbox 1647 1536 1771 1576; x_wconf 89' lang='lat' dir='ltr'><strong>esse</strong></span> <span class='ocrx_word' id='word_1_118' title='bbox 1810 1518 2095 1593; x_wconf 81' lang='lat' dir='ltr'><strong>exposita,</strong></span> <span class='ocrx_word' id='word_1_119' title='bbox 2140 1535 2298 1574; x_wconf 90' lang='lat' dir='ltr'><strong>nunc</strong></span> 
     </span>
     <span class='ocr_line' id='line_1_16' title="bbox 85 1596 2294 1686; baseline -0.001 -19"><span class='ocrx_word' id='word_1_120' title='bbox 85 1596 287 1686; x_wconf 79' lang='lat' dir='ltr'><strong>&lt;30)15l</strong></span> <span class='ocrx_word' id='word_1_121' title='bbox 346 1605 732 1682; x_wconf 90' lang='lat' dir='ltr'><strong>insequentur</strong></span> <span class='ocrx_word' id='word_1_122' title='bbox 791 1606 1164 1665; x_wconf 84' lang='lat' dir='ltr'><strong>balinearum</strong></span> <span class='ocrx_word' id='word_1_123' title='bbox 1204 1605 1682 1681; x_wconf 87' lang='lat' dir='ltr'><strong>dispositionum</strong></span> <span class='ocrx_word' id='word_1_124' title='bbox 1744 1605 2294 1665; x_wconf 85' lang='lat' dir='ltr'><strong>demonstrationes.</strong></span> 
     </span>
     <span class='ocr_line' id='line_1_17' title="bbox 122 1685 2375 1776; baseline -0.001 -17"><span class='ocrx_word' id='word_1_125' title='bbox 122 1703 252 1759; x_wconf 78' lang='lat'><strong>125</strong></span> <span class='ocrx_word' id='word_1_126' title='bbox 273 1685 549 1776; x_wconf 56' lang='lat' dir='ltr'><strong>priimum</strong></span> <span class='ocrx_word' id='word_1_127' title='bbox 607 1695 911 1772; x_wconf 88' lang='lat' dir='ltr'><strong>eligendus</strong></span> <span class='ocrx_word' id='word_1_128' title='bbox 971 1695 1134 1754; x_wconf 89' lang='lat' dir='ltr'><strong>locus</strong></span> <span class='ocrx_word' id='word_1_129' title='bbox 1200 1697 1291 1753; x_wconf 87' lang='lat' dir='ltr'><strong>est</strong></span> <span class='ocrx_word' id='word_1_130' title='bbox 1356 1713 1537 1770; x_wconf 91' lang='lat' dir='ltr'><strong>quam</strong></span> <span class='ocrx_word' id='word_1_131' title='bbox 1599 1694 2020 1770; x_wconf 88' lang='lat' dir='ltr'><strong>calidissimus,</strong></span> <span class='ocrx_word' id='word_1_132' title='bbox 2081 1693 2147 1752; x_wconf 93' lang='lat' dir='ltr'><strong>id</strong></span> <span class='ocrx_word' id='word_1_133' title='bbox 2204 1697 2296 1753; x_wconf 88' lang='lat' dir='ltr'><strong>est</strong></span> <span class='ocrx_word' id='word_1_134' title='bbox 2322 1703 2375 1757; x_wconf 87' lang='lat' dir='ltr'>X</span> 
     </span>
     <span class='ocr_line' id='line_1_18' title="bbox 276 1781 2295 1859; baseline 0 -18"><span class='ocrx_word' id='word_1_135' title='bbox 276 1795 514 1842; x_wconf 81' lang='lat' dir='ltr'><strong>aversus</strong></span> <span class='ocrx_word' id='word_1_136' title='bbox 559 1784 635 1841; x_wconf 85' lang='lat' dir='ltr'><strong>ab</strong></span> <span class='ocrx_word' id='word_1_137' title='bbox 681 1784 1083 1859; x_wconf 87' lang='lat' dir='ltr'><strong>septentrione</strong></span> <span class='ocrx_word' id='word_1_138' title='bbox 1130 1785 1190 1842; x_wconf 91' lang='lat' dir='ltr'><strong>et</strong></span> <span class='ocrx_word' id='word_1_139' title='bbox 1235 1783 1532 1859; x_wconf 90' lang='lat' dir='ltr'><strong>aquilone.</strong></span> <span class='ocrx_word' id='word_1_140' title='bbox 1614 1783 1747 1858; x_wconf 87' lang='lat' dir='ltr'><strong>ipsa</strong></span> <span class='ocrx_word' id='word_1_141' title='bbox 1793 1786 1995 1842; x_wconf 90' lang='lat' dir='ltr'><strong>autem</strong></span> <span class='ocrx_word' id='word_1_142' title='bbox 2019 1781 2295 1856; x_wconf 85' lang='lat' dir='ltr'><strong>caldaria</strong></span> 
     </span>
     <span class='ocr_line' id='line_1_19' title="bbox 274 1870 2297 1947; baseline 0 -18"><span class='ocrx_word' id='word_1_143' title='bbox 274 1870 687 1947; x_wconf 85' lang='lat' dir='ltr'><strong>tepidariaque</strong></span> <span class='ocrx_word' id='word_1_144' title='bbox 712 1872 913 1930; x_wconf 87' lang='lat' dir='ltr'><strong>lumen</strong></span> <span class='ocrx_word' id='word_1_145' title='bbox 939 1871 1200 1930; x_wconf 89' lang='lat' dir='ltr'><strong>habeant</strong></span> <span class='ocrx_word' id='word_1_146' title='bbox 1227 1872 1301 1931; x_wconf 89' lang='lat' dir='ltr'><strong>ab</strong></span> <span class='ocrx_word' id='word_1_147' title='bbox 1331 1871 1633 1932; x_wconf 86' lang='lat' dir='ltr'><strong>occidente</strong></span> <span class='ocrx_word' id='word_1_148' title='bbox 1664 1871 1928 1946; x_wconf 91' lang='lat' dir='ltr'><strong>hiberno,</strong></span> <span class='ocrx_word' id='word_1_149' title='bbox 1966 1872 2057 1931; x_wconf 89' lang='lat' dir='ltr'><strong>sin</strong></span> <span class='ocrx_word' id='word_1_150' title='bbox 2080 1873 2297 1930; x_wconf 89' lang='lat' dir='ltr'><strong>autem</strong></span> 
     </span>
     <span class='ocr_line' id='line_1_20' title="bbox 274 1960 2295 2039; baseline 0.001 -21"><span class='ocrx_word' id='word_1_151' title='bbox 274 1961 491 2019; x_wconf 86' lang='lat' dir='ltr'><strong>natura</strong></span> <span class='ocrx_word' id='word_1_152' title='bbox 552 1960 666 2021; x_wconf 90' lang='lat' dir='ltr'><strong>loci</strong></span> <span class='ocrx_word' id='word_1_153' title='bbox 729 1960 1071 2038; x_wconf 88' lang='lat' dir='ltr'><strong>inpedierit,</strong></span> <span class='ocrx_word' id='word_1_154' title='bbox 1135 1961 1344 2037; x_wconf 89' lang='lat' dir='ltr'><strong>utique</strong></span> <span class='ocrx_word' id='word_1_155' title='bbox 1400 1980 1437 2019; x_wconf 90' lang='lat' dir='ltr'><strong>a</strong></span> <span class='ocrx_word' id='word_1_156' title='bbox 1489 1960 1759 2039; x_wconf 91' lang='lat' dir='ltr'><strong>meridie,</strong></span> <span class='ocrx_word' id='word_1_157' title='bbox 1824 1960 1984 2038; x_wconf 92' lang='lat' dir='ltr'><strong>quod</strong></span> <span class='ocrx_word' id='word_1_158' title='bbox 2040 1961 2295 2020; x_wconf 83' lang='lat' dir='ltr'><strong>maxime</strong></span> 
     </span>
     <span class='ocr_line' id='line_1_21' title="bbox 115 2040 2293 2132; baseline -0.002 -18"><span class='ocrx_word' id='word_1_159' title='bbox 115 2061 258 2113; x_wconf 76' lang='lat'>(5)20</span> <span class='ocrx_word' id='word_1_160' title='bbox 273 2052 510 2123; x_wconf 86' lang='lat' dir='ltr'><strong>tempus</strong></span> <span class='ocrx_word' id='word_1_161' title='bbox 555 2040 816 2132; x_wconf 70' lang='lat' dir='ltr'><strong>lalvandi</strong></span> <span class='ocrx_word' id='word_1_162' title='bbox 861 2068 897 2109; x_wconf 89' lang='lat' dir='ltr'><strong>a</strong></span> <span class='ocrx_word' id='word_1_163' title='bbox 931 2049 1258 2108; x_wconf 90' lang='lat' dir='ltr'><strong>meridiano</strong></span> <span class='ocrx_word' id='word_1_164' title='bbox 1297 2049 1376 2108; x_wconf 90' lang='lat' dir='ltr'><strong>ad</strong></span> <span class='ocrx_word' id='word_1_165' title='bbox 1409 2068 1721 2126; x_wconf 85' lang='lat' dir='ltr'><strong>vesperum</strong></span> <span class='ocrx_word' id='word_1_166' title='bbox 1759 2053 1849 2109; x_wconf 92' lang='lat' dir='ltr'><strong>est</strong></span> <span class='ocrx_word' id='word_1_167' title='bbox 1885 2051 2293 2110; x_wconf 89' lang='lat' dir='ltr'><strong>constitutum.</strong></span> 
     </span>
     <span class='ocr_line' id='line_1_22' title="bbox 275 2137 2296 2199; baseline 0.001 -4"><span class='ocrx_word' id='word_1_168' title='bbox 275 2140 336 2196; x_wconf 90' lang='lat' dir='ltr'><strong>et</strong></span> <span class='ocrx_word' id='word_1_169' title='bbox 387 2137 536 2196; x_wconf 90' lang='lat' dir='ltr'><strong>item</strong></span> <span class='ocrx_word' id='word_1_170' title='bbox 591 2140 682 2197; x_wconf 90' lang='lat' dir='ltr'><strong>est</strong></span> <span class='ocrx_word' id='word_1_171' title='bbox 738 2137 1330 2198; x_wconf 85' lang='lat' dir='ltr'><strong>animadvertendum</strong></span> <span class='ocrx_word' id='word_1_172' title='bbox 1387 2139 1479 2197; x_wconf 92' lang='lat' dir='ltr'><strong>uti</strong></span> <span class='ocrx_word' id='word_1_173' title='bbox 1538 2138 1801 2198; x_wconf 88' lang='lat' dir='ltr'><strong>caldaria</strong></span> <span class='ocrx_word' id='word_1_174' title='bbox 1860 2139 2174 2198; x_wconf 90' lang='lat' dir='ltr'><strong>muliebria</strong></span> <span class='ocrx_word' id='word_1_175' title='bbox 2235 2143 2296 2199; x_wconf 88' lang='lat' dir='ltr'><strong>et</strong></span> 
     </span>
     <span class='ocr_line' id='line_1_23' title="bbox 271 2226 2293 2304; baseline 0 -18"><span class='ocrx_word' id='word_1_176' title='bbox 271 2226 472 2286; x_wconf 83' lang='lat' dir='ltr'><strong>virilia</strong></span> <span class='ocrx_word' id='word_1_177' title='bbox 531 2226 844 2287; x_wconf 87' lang='lat' dir='ltr'><strong>coniuncta</strong></span> <span class='ocrx_word' id='word_1_178' title='bbox 905 2230 965 2286; x_wconf 92' lang='lat' dir='ltr'><strong>et</strong></span> <span class='ocrx_word' id='word_1_179' title='bbox 1020 2227 1085 2284; x_wconf 91' lang='lat' dir='ltr'><strong>in</strong></span> <span class='ocrx_word' id='word_1_180' title='bbox 1139 2226 1330 2286; x_wconf 89' lang='lat' dir='ltr'><strong>isdem</strong></span> <span class='ocrx_word' id='word_1_181' title='bbox 1388 2227 1729 2304; x_wconf 86' lang='lat' dir='ltr'><strong>regionibus</strong></span> <span class='ocrx_word' id='word_1_182' title='bbox 1789 2228 1911 2287; x_wconf 90' lang='lat' dir='ltr'><strong>sint</strong></span> <span class='ocrx_word' id='word_1_183' title='bbox 1970 2228 2293 2288; x_wconf 90' lang='lat' dir='ltr'><strong>conlocata.</strong></span> 
     </span>
     <span class='ocr_line' id='line_1_24' title="bbox 273 2315 2293 2393; baseline 0 -19"><span class='ocrx_word' id='word_1_184' title='bbox 273 2315 358 2375; x_wconf 90' lang='lat' dir='ltr'><strong>sic</strong></span> <span class='ocrx_word' id='word_1_185' title='bbox 405 2316 563 2374; x_wconf 91' lang='lat' dir='ltr'><strong>enim</strong></span> <span class='ocrx_word' id='word_1_186' title='bbox 609 2315 898 2375; x_wconf 88' lang='lat' dir='ltr'><strong>efficietur</strong></span> <span class='ocrx_word' id='word_1_187' title='bbox 941 2318 1013 2374; x_wconf 88' lang='lat' dir='ltr'><strong>ut</strong></span> <span class='ocrx_word' id='word_1_188' title='bbox 1055 2315 1121 2373; x_wconf 92' lang='lat' dir='ltr'><strong>in</strong></span> <span class='ocrx_word' id='word_1_189' title='bbox 1172 2316 1415 2375; x_wconf 80' lang='lat' dir='ltr'><strong>vasaria</strong></span> <span class='ocrx_word' id='word_1_190' title='bbox 1458 2318 1520 2375; x_wconf 90' lang='lat' dir='ltr'><strong>et</strong></span> <span class='ocrx_word' id='word_1_191' title='bbox 1563 2316 1919 2393; x_wconf 82' lang='lat' dir='ltr'><strong>hypocausis</strong></span> <span class='ocrx_word' id='word_1_192' title='bbox 1966 2316 2293 2376; x_wconf 91' lang='lat' dir='ltr'><strong>communis</strong></span> 
     </span>
     <span class='ocr_line' id='line_1_25' title="bbox 274 2404 2297 2482; baseline 0 -19"><span class='ocrx_word' id='word_1_193' title='bbox 274 2404 354 2463; x_wconf 89' lang='lat' dir='ltr'><strong>sit</strong></span> <span class='ocrx_word' id='word_1_194' title='bbox 419 2422 622 2463; x_wconf 91' lang='lat' dir='ltr'><strong>eorum</strong></span> <span class='ocrx_word' id='word_1_195' title='bbox 685 2404 970 2481; x_wconf 83' lang='lat' dir='ltr'><strong>utrisque.</strong></span> <span class='ocrx_word' id='word_1_196' title='bbox 1061 2423 1246 2463; x_wconf 90' lang='lat' dir='ltr'><strong>aenea</strong></span> <span class='ocrx_word' id='word_1_197' title='bbox 1301 2422 1481 2481; x_wconf 89' lang='lat' dir='ltr'><strong>supra</strong></span> <span class='ocrx_word' id='word_1_198' title='bbox 1507 2444 1513 2450; x_wconf 86' lang='lat'>-</span> <span class='ocrx_word' id='word_1_199' title='bbox 1540 2405 1930 2482; x_wconf 82' lang='lat' dir='ltr'><strong>hypocausim</strong></span> <span class='ocrx_word' id='word_1_200' title='bbox 1983 2406 2103 2463; x_wconf 90' lang='lat' dir='ltr'><strong>tria</strong></span> <span class='ocrx_word' id='word_1_201' title='bbox 2157 2408 2297 2464; x_wconf 89' lang='lat' dir='ltr'><strong>sunt</strong></span> 
     </span>
     <span class='ocr_line' id='line_1_26' title="bbox 103 2493 2294 2570; baseline -0.003 -13"><span class='ocrx_word' id='word_1_202' title='bbox 103 2504 263 2557; x_wconf 80' lang='lat'><strong>(1⁰)25</strong></span> <span class='ocrx_word' id='word_1_203' title='bbox 273 2494 695 2569; x_wconf 90' lang='lat' dir='ltr'><strong>componenda,</strong></span> <span class='ocrx_word' id='word_1_204' title='bbox 748 2514 933 2552; x_wconf 88' lang='lat' dir='ltr'><strong>unum</strong></span> <span class='ocrx_word' id='word_1_205' title='bbox 973 2496 982 2565; x_wconf 87' lang='grc' dir='ltr'>Ι</span> <span class='ocrx_word' id='word_1_206' title='bbox 1025 2493 1376 2567; x_wconf 89' lang='lat' dir='ltr'><strong>caldarium,</strong></span> <span class='ocrx_word' id='word_1_207' title='bbox 1431 2494 1685 2553; x_wconf 88' lang='lat' dir='ltr'><strong>alterum</strong></span> <span class='ocrx_word' id='word_1_208' title='bbox 1738 2493 2124 2570; x_wconf 88' lang='lat' dir='ltr'><strong>tepidarium,</strong></span> <span class='ocrx_word' id='word_1_209' title='bbox 2177 2496 2294 2552; x_wconf 88' lang='lat' dir='ltr'><strong>ter-</strong></span> 
     </span>
     <span class='ocr_line' id='line_1_27' title="bbox 272 2581 2295 2658; baseline 0.001 -20"><span class='ocrx_word' id='word_1_210' title='bbox 272 2582 427 2639; x_wconf 90' lang='lat' dir='ltr'><strong>tium</strong></span> <span class='ocrx_word' id='word_1_211' title='bbox 476 2581 878 2658; x_wconf 84' lang='lat' dir='ltr'><strong>frigidarium,</strong></span> <span class='ocrx_word' id='word_1_212' title='bbox 943 2584 1003 2641; x_wconf 87' lang='lat' dir='ltr'><strong>et</strong></span> <span class='ocrx_word' id='word_1_213' title='bbox 1055 2582 1144 2641; x_wconf 91' lang='lat' dir='ltr'><strong>ita</strong></span> <span class='ocrx_word' id='word_1_214' title='bbox 1198 2582 1560 2641; x_wconf 86' lang='lat' dir='ltr'><strong>conlocanda</strong></span> <span class='ocrx_word' id='word_1_215' title='bbox 1612 2583 1707 2641; x_wconf 93' lang='lat' dir='ltr'><strong>uti</strong></span> <span class='ocrx_word' id='word_1_216' title='bbox 1762 2601 1831 2640; x_wconf 84' lang='lat' dir='ltr'><strong>ex</strong></span> <span class='ocrx_word' id='word_1_217' title='bbox 1883 2581 2177 2658; x_wconf 84' lang='lat' dir='ltr'><strong>tepidario</strong></span> <span class='ocrx_word' id='word_1_218' title='bbox 2231 2582 2295 2641; x_wconf 91' lang='lat' dir='ltr'><strong>in</strong></span> 
     </span>
     <span class='ocr_line' id='line_1_28' title="bbox 273 2669 2294 2746; baseline 0 -17"><span class='ocrx_word' id='word_1_219' title='bbox 273 2670 603 2729; x_wconf 89' lang='lat' dir='ltr'><strong>caldarium</strong></span> <span class='ocrx_word' id='word_1_220' title='bbox 650 2673 942 2746; x_wconf 90' lang='lat' dir='ltr'><strong>quantum</strong></span> <span class='ocrx_word' id='word_1_221' title='bbox 996 2689 1187 2746; x_wconf 89' lang='lat' dir='ltr'><strong>aquae</strong></span> <span class='ocrx_word' id='word_1_222' title='bbox 1242 2669 1473 2728; x_wconf 90' lang='lat' dir='ltr'><strong>calidae</strong></span> <span class='ocrx_word' id='word_1_223' title='bbox 1518 2670 1753 2744; x_wconf 78' lang='lat' dir='ltr'><strong>exierit,</strong></span> <span class='ocrx_word' id='word_1_224' title='bbox 1806 2670 2022 2728; x_wconf 85' lang='lat' dir='ltr'><strong>influat</strong></span> <span class='ocrx_word' id='word_1_225' title='bbox 2072 2671 2146 2729; x_wconf 90' lang='lat' dir='ltr'><strong>de</strong></span> <span class='ocrx_word' id='word_1_226' title='bbox 2190 2671 2294 2729; x_wconf 88' lang='lat' dir='ltr'><strong>fri-</strong></span> 
     </span>
     <span class='ocr_line' id='line_1_29' title="bbox 273 2757 2294 2836; baseline 0.001 -20"><span class='ocrx_word' id='word_1_227' title='bbox 273 2758 504 2835; x_wconf 84' lang='lat' dir='ltr'><strong>gidario</strong></span> <span class='ocrx_word' id='word_1_228' title='bbox 557 2760 622 2816; x_wconf 91' lang='lat' dir='ltr'><strong>in</strong></span> <span class='ocrx_word' id='word_1_229' title='bbox 675 2759 1036 2835; x_wconf 87' lang='lat' dir='ltr'><strong>tepidarium</strong></span> <span class='ocrx_word' id='word_1_230' title='bbox 1090 2758 1168 2816; x_wconf 91' lang='lat' dir='ltr'><strong>ad</strong></span> <span class='ocrx_word' id='word_1_231' title='bbox 1221 2758 1472 2817; x_wconf 90' lang='lat' dir='ltr'><strong>eundem</strong></span> <span class='ocrx_word' id='word_1_232' title='bbox 1524 2757 1790 2833; x_wconf 88' lang='lat' dir='ltr'><strong>modum,</strong></span> <span class='ocrx_word' id='word_1_233' title='bbox 1850 2759 2294 2836; x_wconf 87' lang='lat' dir='ltr'><strong>testudinesque</strong></span> 
     </span>
     <span class='ocr_line' id='line_1_30' title="bbox 273 2846 2363 2924; baseline 0.002 -19"><span class='ocrx_word' id='word_1_234' title='bbox 273 2847 645 2907; x_wconf 85' lang='lat' dir='ltr'><strong>alveolorum</strong></span> <span class='ocrx_word' id='word_1_235' title='bbox 690 2866 762 2905; x_wconf 86' lang='lat' dir='ltr'><strong>ex</strong></span> <span class='ocrx_word' id='word_1_236' title='bbox 806 2846 1104 2908; x_wconf 88' lang='lat' dir='ltr'><strong>communi</strong></span> <span class='ocrx_word' id='word_1_237' title='bbox 1146 2847 1473 2923; x_wconf 88' lang='lat' dir='ltr'><strong>hypocausi</strong></span> <span class='ocrx_word' id='word_1_238' title='bbox 1518 2846 1959 2906; x_wconf 84' lang='lat' dir='ltr'><strong>calefaciantur.</strong></span> <span class='ocrx_word' id='word_1_239' title='bbox 2052 2866 2293 2924; x_wconf 89' lang='lat' dir='ltr'><strong>suspen·</strong></span> <span class='ocrx_word' id='word_1_240' title='bbox 2331 2862 2363 2909; x_wconf 81' lang='lat'>2</span> 
     </span>
     <span class='ocr_line' id='line_1_31' title="bbox 107 2930 2293 3013; baseline 0.003 -26"><span class='ocrx_word' id='word_1_241' title='bbox 107 2949 448 3000; x_wconf 78' lang='lat' dir='ltr'><strong>(15)sosurae</strong></span> <span class='ocrx_word' id='word_1_242' title='bbox 493 2935 889 2995; x_wconf 89' lang='lat' dir='ltr'><strong>caldariorum</strong></span> <span class='ocrx_word' id='word_1_243' title='bbox 933 2935 1021 2995; x_wconf 92' lang='lat' dir='ltr'><strong>ita</strong></span> <span class='ocrx_word' id='word_1_244' title='bbox 1075 2937 1216 2995; x_wconf 89' lang='lat' dir='ltr'><strong>sunt</strong></span> <span class='ocrx_word' id='word_1_245' title='bbox 1256 2935 1564 2994; x_wconf 84' lang='lat' dir='ltr'><strong>faciendae</strong></span> <span class='ocrx_word' id='word_1_246' title='bbox 1609 2939 1681 2994; x_wconf 93' lang='lat' dir='ltr'><strong>ut</strong></span> <span class='ocrx_word' id='word_1_247' title='bbox 1721 2930 1729 3013; x_wconf 87' lang='grc' dir='ltr'>Ι</span> <span class='ocrx_word' id='word_1_248' title='bbox 1768 2936 2026 3011; x_wconf 90' lang='lat' dir='ltr'><strong>primum</strong></span> <span class='ocrx_word' id='word_1_249' title='bbox 2071 2936 2293 3012; x_wconf 88' lang='lat' dir='ltr'><strong>sesqui-</strong></span> 
     </span>
    </p>
   </div>
   <div class='ocr_carea' id='block_1_3' title="bbox 273 3056 702 3068">
    <p class='ocr_par' dir='ltr' id='par_1_3' title="bbox 273 3056 702 3068">
     <span class='ocr_line' id='line_1_32' title="bbox 273 3056 702 3068; baseline 0 859"><span class='ocrx_word' id='word_1_250' title='bbox 273 3056 702 3068; x_wconf 95' lang='lat' dir='ltr'><strong> </strong></span> 
     </span>
    </p>
   </div>
   <div class='ocr_carea' id='block_1_4' title="bbox 274 3098 2297 3351">
    <p class='ocr_par' dir='ltr' id='par_1_4' title="bbox 274 3098 2297 3337">
     <span class='ocr_line' id='line_1_33' title="bbox 419 3098 2295 3194; baseline -0.001 -17"><span class='ocrx_word' id='word_1_251' title='bbox 419 3129 447 3177; x_wconf 93' lang='lat'>1</span> <span class='ocrx_word' id='word_1_252' title='bbox 491 3098 860 3194; x_wconf 81' lang='lat' dir='ltr'><strong>congerentur</strong></span> <span class='ocrx_word' id='word_1_253' title='bbox 888 3122 972 3177; x_wconf 70' lang='grc' dir='ltr'><strong>Ηο</strong></span> <span class='ocrx_word' id='word_1_254' title='bbox 1001 3124 1010 3193; x_wconf 84' lang='grc' dir='ltr'>Ι</span> <span class='ocrx_word' id='word_1_255' title='bbox 1044 3121 1231 3176; x_wconf 86' lang='lat' dir='ltr'><strong>sidefit</strong></span> <span class='ocrx_word' id='word_1_256' title='bbox 1265 3122 1397 3191; x_wconf 87' lang='lat' dir='ltr'><strong>(fide</strong></span> <span class='ocrx_word' id='word_1_257' title='bbox 1432 3121 1499 3176; x_wconf 86' lang='lat' dir='ltr'><strong>fit</strong></span> <span class='ocrx_word' id='word_1_258' title='bbox 1532 3129 1660 3177; x_wconf 77' lang='lat' dir='ltr'><strong>ante</strong></span> <span class='ocrx_word' id='word_1_259' title='bbox 1693 3139 1803 3178; x_wconf 72' lang='lat' dir='ltr'><strong>rae.</strong></span> <span class='ocrx_word' id='word_1_260' title='bbox 1839 3123 1911 3193; x_wconf 89' lang='lat' dir='ltr'><strong><em>G)</em></strong></span> <span class='ocrx_word' id='word_1_261' title='bbox 1946 3140 2009 3178; x_wconf 77' lang='lat' dir='ltr'><strong>oe·</strong></span> <span class='ocrx_word' id='word_1_262' title='bbox 2060 3122 2180 3176; x_wconf 88' lang='lat' dir='ltr'><strong>side</strong></span> <span class='ocrx_word' id='word_1_263' title='bbox 2218 3122 2295 3176; x_wconf 86' lang='lat' dir='ltr'><strong>sit</strong></span> 
     </span>
     <span class='ocr_line' id='line_1_34' title="bbox 418 3126 2297 3337; baseline 0.001 -89"><span class='ocrx_word' id='word_1_264' title='bbox 418 3196 440 3264; x_wconf 79' lang='grc' dir='ltr'><strong>ΙΙ</strong></span> <span class='ocrx_word' id='word_1_265' title='bbox 495 3199 527 3248; x_wconf 85' lang='grc'><strong>6</strong></span> <span class='ocrx_word' id='word_1_266' title='bbox 565 3195 928 3264; x_wconf 84' lang='lat' dir='ltr'><strong>conportatur</strong></span> <span class='ocrx_word' id='word_1_267' title='bbox 955 3194 1106 3250; x_wconf 92' lang='lat' dir='ltr'><strong><em>HG.</em></strong></span> <span class='ocrx_word' id='word_1_268' title='bbox 1146 3201 1250 3262; x_wconf 82' lang='lat' dir='ltr'><strong>c‘op</strong></span> <span class='ocrx_word' id='word_1_269' title='bbox 1253 3195 1447 3247; x_wconf 86' lang='lat' dir='ltr'><strong>aratur</strong></span> <span class='ocrx_word' id='word_1_270' title='bbox 1474 3192 1527 3248; x_wconf 93' lang='lat' dir='ltr'><strong>S.</strong></span> <span class='ocrx_word' id='word_1_271' title='bbox 1660 3198 1688 3247; x_wconf 79' lang='lat'>7</span> <span class='ocrx_word' id='word_1_272' title='bbox 1728 3210 1827 3249; x_wconf 87' lang='lat' dir='ltr'><strong>eae</strong></span> <span class='ocrx_word' id='word_1_273' title='bbox 1857 3126 1927 3248; x_wconf 94' lang='lat' dir='ltr'><strong><em>H</em></strong></span> <span class='ocrx_word' id='word_1_274' title='bbox 1930 3194 1993 3249; x_wconf 89' lang='lat' dir='ltr'><strong><em>S</em></strong></span> <span class='ocrx_word' id='word_1_275' title='bbox 2030 3193 2139 3247; x_wconf 87' lang='lat' dir='ltr'><strong>hae</strong></span> <span class='ocrx_word' id='word_1_276' title='bbox 2170 3193 2237 3249; x_wconf 89' lang='lat' dir='ltr'><strong><em>G.</em></strong></span> <span class='ocrx_word' id='word_1_277' title='bbox 2274 3192 2297 3337; x_wconf 76' lang='grc' dir='ltr'><strong>ΙΙ</strong></span> 
     </span>
     <span class='ocr_line' id='line_1_35' title="bbox 274 3195 2236 3351; baseline 0 -32"><span class='ocrx_word' id='word_1_278' title='bbox 274 3270 306 3319; x_wconf 86' lang='grc'>9</span> <span class='ocrx_word' id='word_1_279' title='bbox 331 3202 598 3335; x_wconf 66' lang='lat' dir='ltr'><strong>chypStoet</strong></span> <span class='ocrx_word' id='word_1_280' title='bbox 639 3266 774 3336; x_wconf 88' lang='lat' dir='ltr'><strong>G)ra</strong></span> <span class='ocrx_word' id='word_1_281' title='bbox 821 3263 1263 3319; x_wconf 86' lang='lat' dir='ltr'><strong>ambulationem</strong></span> <span class='ocrx_word' id='word_1_282' title='bbox 1307 3266 1385 3335; x_wconf 86' lang='lat' dir='ltr'><strong>(-e</strong></span> <span class='ocrx_word' id='word_1_283' title='bbox 1435 3195 1602 3333; x_wconf 66' lang='lat' dir='ltr'><strong>GS)&#39;¹</strong></span> <span class='ocrx_word' id='word_1_284' title='bbox 1610 3282 1666 3319; x_wconf 74' lang='lat' dir='ltr'><strong>x.</strong></span> <span class='ocrx_word' id='word_1_285' title='bbox 1714 3267 1749 3351; x_wconf 57' lang='lat' dir='ltr'><strong>,ll</strong></span> <span class='ocrx_word' id='word_1_286' title='bbox 1814 3269 1879 3318; x_wconf 77' lang='lat'><strong>12</strong></span> <span class='ocrx_word' id='word_1_287' title='bbox 1925 3262 2137 3319; x_wconf 85' lang='lat' dir='ltr'><strong>theatri</strong></span> <span class='ocrx_word' id='word_1_288' title='bbox 2180 3281 2236 3319; x_wconf 73' lang='grc' dir='ltr'><strong>ω.</strong></span> 
     </span>
    </p>
   </div>
   <div class='ocr_carea' id='block_1_5' title="bbox 271 3339 2296 3638">
    <p class='ocr_par' dir='ltr' id='par_1_5' title="bbox 271 3339 2296 3638">
     <span class='ocr_line' id='line_1_36' title="bbox 276 3339 2295 3423; baseline 0 -16"><span class='ocrx_word' id='word_1_289' title='bbox 276 3359 343 3408; x_wconf 80' lang='grc'><strong>15</strong></span> <span class='ocrx_word' id='word_1_290' title='bbox 379 3352 731 3409; x_wconf 85' lang='lat' dir='ltr'><strong>balinearum</strong></span> <span class='ocrx_word' id='word_1_291' title='bbox 759 3353 895 3409; x_wconf 87' lang='lat' dir='ltr'><strong>HS.</strong></span> <span class='ocrx_word' id='word_1_292' title='bbox 933 3353 1264 3407; x_wconf 88' lang='lat' dir='ltr'><strong>balnearum</strong></span> <span class='ocrx_word' id='word_1_293' title='bbox 1305 3352 1371 3407; x_wconf 90' lang='lat' dir='ltr'><strong><em>G.</em></strong></span> <span class='ocrx_word' id='word_1_294' title='bbox 1426 3354 1446 3421; x_wconf 87' lang='grc' dir='ltr'><strong>ΙΙ</strong></span> <span class='ocrx_word' id='word_1_295' title='bbox 1503 3357 1566 3405; x_wconf 81' lang='grc'><strong>17</strong></span> <span class='ocrx_word' id='word_1_296' title='bbox 1608 3339 1741 3423; x_wconf 67' lang='grc'>31)((1</span> <span class='ocrx_word' id='word_1_297' title='bbox 1770 3354 1861 3422; x_wconf 64' lang='lat' dir='ltr'><strong>Gss)</strong></span> <span class='ocrx_word' id='word_1_298' title='bbox 1900 3370 1927 3406; x_wconf 86' lang='lat' dir='ltr'><strong>s</strong></span> <span class='ocrx_word' id='word_1_299' title='bbox 2000 3353 2174 3422; x_wconf 83' lang='lat' dir='ltr'><strong>tem(n</strong></span> <span class='ocrx_word' id='word_1_300' title='bbox 2202 3351 2295 3418; x_wconf 88' lang='lat' dir='ltr'><strong>S)-</strong></span> 
     </span>
     <span class='ocr_line' id='line_1_37' title="bbox 271 3368 2293 3494; baseline -0.002 -15"><span class='ocrx_word' id='word_1_301' title='bbox 271 3424 457 3479; x_wconf 86' lang='lat' dir='ltr'><strong>trione</strong></span> <span class='ocrx_word' id='word_1_302' title='bbox 483 3442 536 3479; x_wconf 74' lang='grc' dir='ltr'><em>ω</em></span> <span class='ocrx_word' id='word_1_303' title='bbox 569 3426 590 3494; x_wconf 78' lang='grc' dir='ltr'><strong>ΙΙ</strong></span> <span class='ocrx_word' id='word_1_304' title='bbox 617 3430 683 3479; x_wconf 89' lang='grc'><strong>18</strong></span> <span class='ocrx_word' id='word_1_305' title='bbox 721 3424 831 3479; x_wconf 85' lang='lat' dir='ltr'><strong>sin:</strong></span> <span class='ocrx_word' id='word_1_306' title='bbox 871 3424 920 3478; x_wconf 89' lang='lat' dir='ltr'><strong>si</strong></span> <span class='ocrx_word' id='word_1_307' title='bbox 945 3442 1000 3479; x_wconf 78' lang='grc' dir='ltr'><strong>ω.</strong></span> <span class='ocrx_word' id='word_1_308' title='bbox 1029 3426 1142 3494; x_wconf 77' lang='grc'>1121</span> <span class='ocrx_word' id='word_1_309' title='bbox 1173 3422 1422 3478; x_wconf 89' lang='lat' dir='ltr'><strong>calcaria</strong></span> <span class='ocrx_word' id='word_1_310' title='bbox 1451 3423 1520 3477; x_wconf 91' lang='lat' dir='ltr'><strong><em>H</em></strong></span> <span class='ocrx_word' id='word_1_311' title='bbox 1538 3430 1589 3479; x_wconf 83' lang='lat' dir='ltr'><strong>et</strong></span> <span class='ocrx_word' id='word_1_312' title='bbox 1624 3432 1751 3481; x_wconf 77' lang='lat' dir='ltr'><strong>ante</strong></span> <span class='ocrx_word' id='word_1_313' title='bbox 1779 3440 1914 3480; x_wconf 81' lang='lat' dir='ltr'><strong>corr.</strong></span> <span class='ocrx_word' id='word_1_314' title='bbox 1928 3368 1999 3478; x_wconf 51' lang='lat' dir='ltr'><strong>eg</strong></span> <span class='ocrx_word' id='word_1_315' title='bbox 2028 3424 2141 3493; x_wconf 74' lang='grc'>1122</span> <span class='ocrx_word' id='word_1_316' title='bbox 2178 3421 2293 3476; x_wconf 87' lang='lat' dir='ltr'><strong>his-</strong></span> 
     </span>
     <span class='ocr_line' id='line_1_38' title="bbox 273 3492 2296 3569; baseline -0.001 -19"><span class='ocrx_word' id='word_1_317' title='bbox 273 3495 405 3550; x_wconf 88' lang='lat' dir='ltr'><strong>dem</strong></span> <span class='ocrx_word' id='word_1_318' title='bbox 440 3512 496 3550; x_wconf 76' lang='lat' dir='ltr'><strong>oe.</strong></span> <span class='ocrx_word' id='word_1_319' title='bbox 525 3498 544 3566; x_wconf 78' lang='lat' dir='ltr'>u</span> <span class='ocrx_word' id='word_1_320' title='bbox 572 3501 638 3549; x_wconf 79' lang='lat'><strong>2⁷</strong></span> <span class='ocrx_word' id='word_1_321' title='bbox 677 3495 874 3550; x_wconf 85' lang='lat' dir='ltr'><strong>caldae</strong></span> <span class='ocrx_word' id='word_1_322' title='bbox 908 3497 987 3565; x_wconf 89' lang='lat' dir='ltr'><strong>(-e</strong></span> <span class='ocrx_word' id='word_1_323' title='bbox 1017 3496 1087 3564; x_wconf 87' lang='lat' dir='ltr'><strong>G,</strong></span> <span class='ocrx_word' id='word_1_324' title='bbox 1124 3512 1180 3569; x_wconf 72' lang='lat' dir='ltr'><strong>-e</strong></span> <span class='ocrx_word' id='word_1_325' title='bbox 1211 3494 1280 3565; x_wconf 90' lang='lat' dir='ltr'><strong>S)</strong></span> <span class='ocrx_word' id='word_1_326' title='bbox 1313 3512 1357 3549; x_wconf 75' lang='lat' dir='ltr'><strong><em>x</em></strong></span> <span class='ocrx_word' id='word_1_327' title='bbox 1391 3492 1596 3567; x_wconf 71' lang='lat' dir='ltr'><strong>(calide</strong></span> <span class='ocrx_word' id='word_1_328' title='bbox 1626 3496 1689 3550; x_wconf 80' lang='lat' dir='ltr'><strong>Sc</strong></span> <span class='ocrx_word' id='word_1_329' title='bbox 1687 3498 1721 3565; x_wconf 90' lang='lat'><strong>).</strong></span> <span class='ocrx_word' id='word_1_330' title='bbox 1760 3497 1780 3566; x_wconf 77' lang='grc' dir='ltr'><strong>ΙΙ</strong></span> <span class='ocrx_word' id='word_1_331' title='bbox 1816 3499 1884 3548; x_wconf 81' lang='lat'><strong>29</strong></span> <span class='ocrx_word' id='word_1_332' title='bbox 1924 3492 2296 3548; x_wconf 85' lang='lat' dir='ltr'><strong>calfaciantur</strong></span> 
     </span>
     <span class='ocr_line' id='line_1_39' title="bbox 273 3539 1684 3638; baseline -0.001 -16"><span class='ocrx_word' id='word_1_333' title='bbox 273 3567 362 3622; x_wconf 86' lang='lat' dir='ltr'><strong>H:</strong></span> <span class='ocrx_word' id='word_1_334' title='bbox 403 3568 606 3622; x_wconf 82' lang='lat' dir='ltr'><strong>-eentur</strong></span> <span class='ocrx_word' id='word_1_335' title='bbox 633 3567 732 3633; x_wconf 90' lang='lat' dir='ltr'><strong>H,</strong></span> <span class='ocrx_word' id='word_1_336' title='bbox 767 3569 957 3622; x_wconf 87' lang='lat' dir='ltr'><strong>-entur</strong></span> <span class='ocrx_word' id='word_1_337' title='bbox 987 3539 1094 3622; x_wconf 75' lang='lat' dir='ltr'><strong><em>GS</em></strong></span> <span class='ocrx_word' id='word_1_338' title='bbox 1123 3566 1547 3638; x_wconf 87' lang='lat' dir='ltr'><strong>(calefacientur</strong></span> <span class='ocrx_word' id='word_1_339' title='bbox 1577 3566 1684 3637; x_wconf 75' lang='lat' dir='ltr'><strong><em>G0.)</em></strong></span> 
     </span>
    </p>
   </div>
  </div>
 </body>
</html>
