2664 3927
649 193 865 247 LIBER
884 161 1113 248 'Aeris
1149 193 1830 249 Aecm‘rncrochE
2124 195 2254 260 303

232 345 614 420 aliquantum
658 343 995 420 promineat
1029 347 1209 419 atque
1244 343 1519 402 umbram
1552 343 1736 403 faciat
1771 345 2073 403 maiorem.
2147 345 2254 404 sub

229 435 345 493 hac
398 435 595 494 fronte
648 432 984 491 rotunditas
1040 432 1117 490 ad
1172 433 1458 492 circinum
1512 436 1774 508 notatur,
1835 452 1987 508 quae
2043 438 2255 493 cavata

230 523 525 582 introrsus
587 521 1003 594 hemicyclium
1064 520 1251 580 faciat
1313 522 1566 580 schema.
1670 523 1734 580 in
1795 523 1908 582 hac
1971 524 2256 582 cavatura

230 615 353 670 tres
401 612 604 670 circuli
648 610 823 686 fiant,
868 628 1020 669 unus
1064 628 1250 686 prope
1296 611 1699 669 summitatem
1745 611 2054 688 horologii,
2101 612 2254 670 alius

72 711 169 762 (20)
189 711 343 777 ⁵per
391 696 398 779 Ι
448 699 707 758 mediam
772 702 1147 774 cavaturam,
1218 700 1430 758 tertius
1493 719 1678 775 prope
1744 718 1909 758 oram
1973 701 2254 777 signetur.

49 777 51 782 ’
232 808 269 847 a
306 790 532 847 minore
571 807 710 865 ergo
748 786 968 846 circulo
1003 807 1193 863 usque
1230 788 1306 846 ad
1343 788 1629 847 maiorem
1665 789 1950 848 circulum
1990 789 2256 868 horalem

231 897 357 936 una
402 880 462 935 et
506 895 545 934 x
584 876 776 934 lineae
814 876 1073 936 directae
1112 877 1349 952 aequali
1387 877 1710 952 partitione
1748 879 2057 953 ducantur,
2104 897 2255 954 quae

230 966 407 1025 horas
454 965 873 1024 demonstrent.
964 984 1074 1040 per
1123 965 1386 1024 medium
1430 984 1570 1025 vero
1616 967 2030 1042 hemicyclium
2076 984 2255 1042 supra

230 1055 523 1112 minorem
568 1053 851 1112 circulum
894 1054 1153 1129 planitia
1199 1055 1467 1130 aequalis
1523 1054 1820 1114 subtiliori
1867 1055 2256 1115 crassitudine

56 1155 157 1208 (25)
169 1156 223 1196 10
231 1143 368 1217 fiat,
424 1145 493 1200 ut
548 1144 756 1218 aperta
796 1137 806 1221 Ι
845 1142 1212 1202 rotunditate
1266 1143 1508 1220 digitali
1563 1143 1799 1203 facilius
1855 1144 1996 1203 solis
2053 1144 2254 1204 radius

232 1232 462 1290 infusus
516 1250 624 1306 per
667 1249 943 1291 numeros
998 1231 1295 1290 linearum
1348 1232 1524 1292 horas
1577 1232 1952 1291 demonstret.
2043 1232 2256 1291 hiemis

234 1338 374 1396 ergo
438 1323 703 1395 tempore
766 1339 875 1395 per
934 1321 1224 1378 minorem
1289 1320 1573 1380 circulum
1638 1321 1920 1379 horarum
1982 1339 2256 1380 numeros

86 1418 209 1475 311
234 1408 511 1483 servabit,
557 1409 983 1484 aequinoctiali
1022 1401 1305 1490 temlpore
1344 1409 1604 1467 medium
1639 1408 1924 1468 circulum
1961 1412 2258 1485 sequetur,

237 1497 463 1557 aestivo
508 1501 774 1574 tempore
820 1517 928 1574 per
970 1498 1213 1557 maioris
1260 1498 1465 1556 circuli
1509 1498 1706 1574 spatia
1751 1497 2071 1576 gradietur.
2155 1498 2256 1557 sed

155 1607 207 1648 15
236 1605 311 1645 ne
348 1605 511 1650 error
544 1588 607 1644 in
644 1586 1035 1646 construendo
1073 1586 1382 1664 horologio
1420 1587 1699 1662 cuiquam
1733 1587 2024 1662 videatur,
2069 1586 2256 1645 libero

232 1676 365 1735 loco
430 1676 551 1734 alto
608 1676 703 1735 vel
766 1675 947 1751 plano
1014 1674 1097 1734 sic
1159 1678 1418 1750 ponatur
1471 1679 1540 1734 ut
1603 1677 1855 1754 angulus
1917 1677 2092 1734 huius
2154 1672 2255 1750 qui

155 1775 215 1826 (5)
239 1765 512 1824 occiduas
556 1763 733 1824 horas
780 1763 1015 1822 notabit
1051 1769 1255 1822 contra
1293 1755 1809 1845 aelquinoctialem
1843 1784 2091 1825 vernum
2127 1783 2255 1839 spe-

236 1856 381 1927 ctet,
444 1853 599 1911 unde
664 1852 751 1912 sol
815 1871 971 1911 nono
1034 1853 1155 1911 kal.
1210 1852 1428 1928 apriles
1484 1854 1726 1912 oriatur.
1826 1853 1896 1912 fit
1958 1853 2139 1911 etiam
2193 1854 2256 1910 in

234 1960 350 2001 uno
404 1941 713 2018 horologio
769 1941 987 2018 duplex
1041 1942 1374 2019 elegantiae
1439 1942 1758 2003 subtilitas.
1857 1961 1998 2001 nam
2051 1941 2257 2001 dextra

156 2052 208 2092 20
237 2050 306 2089 ac
369 2031 611 2089 sinistra
675 2032 1032 2091 extrinsecus
1100 2032 1165 2089 in
1235 2032 1522 2091 lateribus
1586 2034 1712 2091 eius
1776 2032 1992 2107 quinae
2063 2032 2256 2091 lineae

236 2119 492 2179 directae
556 2122 867 2196 notantur,
941 2124 1001 2179 et
1062 2123 1266 2179 ternae
1334 2124 1536 2197 partes
1601 2122 1956 2181 circulorum
2019 2120 2258 2196 aequali

126 2222 217 2273 (10)
238 2209 553 2268 intervallo
610 2210 693 2268 sic
745 2209 899 2268 fiunt
926 2212 1019 2274 ,ut
1063 2229 1182 2267 una
1230 2210 1502 2285 proxima
1547 2210 1628 2269 sit
1672 2210 1906 2288 angulis
1950 2200 2255 2291 postelrio-

232 2298 423 2372 ribus,
476 2298 578 2355 ubi
634 2298 760 2357 stili
812 2300 1107 2374 ponentur
1152 2300 1256 2374 qui
1300 2299 1510 2357 umbra
1555 2318 1664 2359 sua
1707 2300 1884 2358 horas
1931 2298 2257 2376 designent,

235 2387 425 2445 altera
468 2386 725 2445 mediam
769 2388 1083 2463 planitiem
1127 2388 1409 2463 detineat,
1453 2388 1635 2447 tertia
1677 2406 1863 2464 prope
1909 2406 2074 2445 oram
2122 2406 2256 2445 con·

156 2498 207 2537 25
234 2475 448 2553 tingat.
519 2476 627 2535 has
666 2477 823 2534 enim
867 2479 1067 2551 partes
1106 2477 1460 2537 circulorum
1502 2476 1695 2535 hieme
1739 2496 1876 2535 vere
1923 2479 1984 2535 et
2028 2478 2257 2535 aestate

236 2564 318 2624 sic
380 2566 450 2622 ut
519 2564 768 2623 interius
842 2565 1152 2642 gnomonis
1224 2565 1436 2623 umbra
1499 2566 1782 2641 sequitur.
1892 2565 1957 2623 in
2021 2565 2255 2642 angulis

237 2672 374 2731 ergo
428 2653 855 2728 posterioribus
911 2654 1080 2713 stilos
1134 2654 1362 2713 modice
1419 2654 1689 2729 obliquos
1741 2654 1915 2731 figes,
1972 2653 2076 2729 qui
2129 2674 2254 2711 um-

127 2754 216 2806 (15)
234 2742 341 2800 bra
406 2761 513 2801 sua
575 2741 751 2801 horas
804 2737 811 2820 Ι
863 2742 1187 2820 designent.
1290 2743 1483 2802 oriens
1549 2744 1705 2801 enim
1768 2744 1856 2801 sol
1929 2744 1992 2801 in
2063 2743 2255 2818 primo

236 2832 423 2890 latere
479 2849 579 2889 sex
640 2830 817 2891 horas
880 2832 1141 2908 notabit,
1207 2832 1477 2891 occidens
1533 2832 1683 2890 alias
1739 2850 1839 2890 sex
1892 2831 1958 2890 in
2016 2831 2255 2891 sinistro

158 2940 212 2981 so
237 2920 423 2979 latere
459 2923 779 2996 percurret.
849 2920 1072 2998 legitur
1108 2922 1290 2979 etiam
1324 2921 1502 2980 horas
1541 2921 1624 2979 sic
1661 2922 1993 2997 comparari
2030 2920 2256 2996 debere,

236 3009 492 3085 primam
538 3011 766 3067 sextam
809 3009 1124 3085 septimam
1162 3012 1223 3068 et
1258 3008 1670 3069 duodecimam
1706 3030 1824 3069 uno
1862 3010 2058 3085 spatio
2094 3028 2256 3067 men·

238 3116 493 3173 suraque
538 3096 950 3174 disponendas,
997 3098 1312 3157 secundam
1359 3099 1631 3175 quintam
1668 3101 1943 3158 octavam
1981 3100 2040 3158 et
2075 3098 2256 3157 unde-

130 3199 219 3251 (20)
239 3186 453 3244 cimam
533 3186 667 3261 pari
740 3187 1106 3263 aequalitate
1181 3178 1583 3269 ordilnandaS,
1665 3188 1907 3247 tertiam
1980 3190 2257 3263 quartam

236 3293 454 3334 nonam
508 3278 569 3334 et
622 3275 910 3335 decimam
973 3276 1157 3335 simili
1217 3277 1449 3336 ratione
1505 3276 1778 3335 edendas
1878 3279 1968 3335 est
2022 3278 2083 3334 et
2136 3275 2258 3333 alia

156 3384 210 3427 35
238 3364 307 3421 de
370 3363 545 3423 modo
611 3368 670 3423 et
732 3366 1021 3425 mensuris
1085 3366 1366 3425 horarum
1429 3365 1793 3441 comparatio
1806 3410 1822 3440 ,
1887 3384 2065 3441 quam
2122 3382 2258 3439 pro-

236 3452 487 3512 lixitatis
551 3472 729 3513 causa
790 3454 1283 3530 praetereundam
1348 3454 1686 3529 aestimavi,
1759 3454 2040 3529 quoniam
2110 3452 2256 3510 haec

236 3541 549 3621 diligentia
622 3544 698 3602 ad
770 3562 989 3619 paucos
1062 3544 1385 3620 prudentes
1457 3544 1732 3620 pertinet.
1841 3561 1983 3601 nam
2055 3559 2255 3600 omnes
