2664 3927
330 152 456 216 102
1170 149 1502 204 VITRUVII

460 293 818 384 {Etiamque
863 301 1241 378 Pythagorae
1299 301 1519 376 quique
1575 302 1699 360 eius
1758 303 2048 360 haeresim
2107 301 2348 359 fuerunt
2369 308 2491 365 104

325 393 511 450 secuti
554 392 783 467 placuit
828 390 1048 466 cybicis
1093 390 1424 449 rationibus
1470 393 1791 466 praecepta
1836 392 1901 448 in
1945 389 2345 448 voluminibus

324 480 594 555 scribere,
641 481 1191 554 constitueruntque
1238 479 1454 554 cybum
1492 497 1677 538 ccxw
1714 497 1916 539 versus
1965 497 2181 554 eosque
2227 498 2348 538 non

323 571 457 645 plus
512 572 634 628 tres
690 570 772 627 in·
805 588 925 626 una
980 567 1413 643 conscriptione
1470 571 1743 647 oportere
1790 587 1917 628 esse
1965 571 2345 643 putaverunt.

251 675 287 722 4
328 651 550 740 {cybus
607 661 807 716 autem
860 659 952 715 est
1005 675 1215 732 corpus
1272 676 1342 715 ex
1396 657 1682 716 lateribus
1740 657 1976 733 aequali
2028 657 2349 716 latitudine
2378 677 2405 717 5

322 747 710 824 planitiarum
764 745 1243 822 perquadratum.
1335 747 1387 804 is
1444 765 1578 804 cum
1632 749 1723 805 est
1776 747 1967 805 iactus
1980 792 1994 821 ,
2050 766 2229 822 quam
2284 746 2349 804 in

322 839 554 912 partem
598 834 867 893 incubuit
912 834 1052 892 dum
1098 837 1188 893 est
1241 835 1504 894 intactus
1559 837 1849 895 inmotam
1895 834 2074 893 habet
2119 834 2348 893 stabili·

320 927 536 998 tatem,
591 925 682 982 uti
736 925 876 982 sunt
930 924 1111 982 etiam
1164 926 1425 982 tesserae
1482 943 1649 1000 quas.
1683 925 1746 981 in
1794 924 2023 984 alveolo
2074 924 2347 982 ludentes

323 1014 563 1073 iaciunt.
635 1013 788 1070 hanc
835 1015 1035 1070 autem
1079 1012 1530 1071 similitudinem
1578 1031 1647 1070 ex
1685 1032 1753 1071 eo
1790 1012 2108 1088 sumpsisse
2145 1013 2347 1071 viden-

321 1106 423 1161 'tur
468 1103 626 1178 quod
679 1103 730 1160 is
777 1093 1072 1183 numelrus
1117 1121 1396 1182 versuum
1443 1102 1536 1160 uti
1580 1101 1763 1177 cybus
1809 1102 1873 1159 in
1919 1120 2346 1177 quemcumque
2378 1123 2432 1160 10

323 1210 560 1250 sensum
585 1190 886 1266 insederit,
918 1192 1207 1249 inmotam
1234 1191 1456 1249 efficiat
1483 1190 1565 1248 ibi
1593 1191 1910 1249 memoriae
1940 1190 2345 1250 stabilitatem.

323 1281 520 1357 graeci
575 1298 808 1356 quoque
858 1282 1070 1355 poetae
1117 1279 1324 1338 comici
1371 1279 1814 1355 interponentes
1862 1298 1893 1337 e
1940 1279 2116 1338 choro
2164 1279 2349 1338 canti-

323 1388 457 1427 cum
492 1369 820 1428 diviserunt
858 1369 1055 1448 spatia
1089 1367 1440 1427 fabularum.
1513 1369 1601 1425 ita
1638 1371 1837 1443 partes
1876 1367 2082 1444 cybica
2117 1368 2349 1427 ratione

321 1458 606 1517 facientes
651 1457 1191 1532 intercapedinibus
1244 1457 1449 1515 levant
1496 1459 1763 1514 actorum
1813 1457 2346 1532 pronuntiationes.

253 1561 285 1608 5
461 1539 468 1629 Ι
503 1546 651 1605 Cum
706 1566 844 1623 ergo
898 1547 1044 1604 haec
1089 1546 1351 1604 naturali
1404 1545 1578 1603 modo
1626 1545 1747 1604 sint
1794 1566 1827 1604 a
1873 1546 2195 1605 maioribus
2243 1546 2343 1605 ob·
2375 1566 2429 1606 15

323 1639 559 1696 servata
615 1636 930 1709 animoque
977 1634 1283 1694 advertam
1337 1635 1656 1693 inusitatas
1713 1638 1774 1693 et
1819 1635 2096 1694 obscuras
2142 1635 2349 1694 multis

322 1745 415 1784 res
463 1743 588 1783 esse
632 1723 780 1781 mihi
825 1723 1179 1798 scribendas,
1227 1742 1345 1798 quo
1382 1723 1616 1782 facilius
1656 1723 1732 1781 ad
1773 1743 1977 1783 sensus
2022 1724 2350 1801 legentium

322 1813 629 1889 pervenire
683 1813 940 1888 possint,
995 1811 1270 1870 brevibus
1317 1812 1717 1872 voluminibus
1773 1813 2033 1872 iudicavi
2078 1814 2348 1872 scribere.

322 1903 410 1960 ita
447 1902 604 1960 enim
642 1901 915 1977 expedita
952 1903 1125 1959 erunt
1171 1900 1246 1958 ad
1280 1901 1763 1979 intellegendum.
1838 1920 2157 1978 eorumque
2195 1903 2349 1960 ordi·
2386 1889 2391 1897 ’

322 1982 611 2073 116Ιὴ101166
653 1991 890 2049 institui
926 1991 1018 2048 uti
1053 2010 1172 2049 non
1210 1990 1331 2050 sint
1368 1991 1786 2067 quaerentibus
1825 1993 2147 2067 separatim
2182 1992 2346 2052 colli·
2378 2013 2430 2051 20

323 2080 533 2157 genda,
580 2079 684 2138 sed
729 2099 760 2137 6
806 2098 1050 2154 corpore
1094 2098 1212 2138 uno
1252 2082 1312 2138 et
1349 2080 1413 2138 in
1449 2080 1699 2155 singulis
1738 2081 2135 2139 voluminibus
2174 2100 2346 2158 gene·

323 2189 456 2227 rum
481 2168 767 2227 haberent
795 2168 1232 2243 explicationes
1295 2170 1519 2244 itaque,
1551 2166 1783 2244 Caesar,
1818 2170 1998 2228 tertio
2037 2172 2097 2228 et
2134 2172 2345 2244 quarto

324 2258 624 2317 volumine
653 2257 887 2316 aedium
915 2275 1215 2315 sacrarum
1241 2258 1503 2316 rationes
1533 2257 1792 2333 exposui,
1829 2259 1940 2318 hoc
1977 2258 2127 2316 libro
2154 2257 2347 2333 publi-

325 2366 528 2405 corum
570 2347 834 2406 locorum
880 2346 1187 2421 expediam
1235 2346 1670 2422 dispositiones.
1742 2348 2115 2423 primumque
2152 2347 2348 2404 forum

323 2435 416 2494 uti
470 2426 763 2516 oporflteat
813 2436 1095 2494 constitui
1151 2434 1370 2511 dicam,
1426 2435 1583 2510 quod
1638 2436 1702 2493 in
1758 2454 1827 2493 eo
1874 2438 1936 2505 et
1979 2435 2348 2511 publicarum
2376 2454 2429 2495 25

286 2579 295 2584 ,
326 2528 387 2583 et
429 2524 800 2601 privatarum
834 2543 1030 2582 rerum
1065 2524 1324 2583 rationes
1363 2544 1471 2599 per
1504 2524 1889 2601 magistratus
1928 2525 2347 2601 gubernantur.

259 2621 290 2674 Ι
461 2612 671 2673 Graeci
705 2613 770 2670 in
808 2612 1096 2688 quadrato
1136 2613 1517 2688 amplissimis
1556 2616 1616 2671 et
1652 2613 1984 2689 duplicibus
2022 2612 2347 2688 porticibus

325 2704 456 2763 fora
501 2702 872 2761 constituunt
917 2701 1252 2777 crebrisque
1298 2702 1587 2760 columnis
1634 2705 1695 2760 et
1747 2702 1999 2777 lapideis
2046 2704 2150 2760 aut
2193 2722 2347 2761 mar·

326 2782 558 2875 molreis
605 2791 898 2867 epistyliis
948 2790 1238 2849 adornant
1284 2794 1346 2849 et
1391 2809 1570 2865 supra
1627 2790 2056 2849 ambulationes
2100 2790 2165 2848 in
2211 2809 2347 2851 con·
2369 2798 2489 2855 105

325 2880 757 2959 tignationibus
802 2880 1046 2938 faciunt.
1119 2880 1334 2939 Italiae
1369 2898 1509 2938 vero
1555 2879 1797 2938 urbibus
1843 2898 1962 2937 non
2008 2878 2213 2938 eadem
2259 2882 2350 2939 est
2378 2899 2431 2939 ³0

325 2970 557 3030 ratione
584 2968 936 3044 faciendum,
972 2969 1105 3027 ideo
1137 2967 1294 3044 quod
1323 2988 1359 3026 a
1384 2968 1705 3027 maioribus
1736 2969 2095 3027 consuetudo
2123 2967 2348 3027 tradita

472 3145 500 3193 1
541 3138 714 3193 etiam
741 3136 839 3206 qui
866 3138 1213 3208 pythagorae
1239 3155 1294 3192 x.
1328 3138 1337 3208 Ι
1370 3102 1577 3205 quique
1609 3138 1686 3193 G:
1724 3136 1971 3205 quinque
2000 3137 2070 3191 H
2072 3137 2206 3207 (ΘΟ),
2243 3154 2347 3191 om.

329 3228 372 3281 S
411 3230 528 3297 (qui
581 3228 801 3296 scripsit
843 3210 1123 3296 pytagora
1168 3225 1425 3295 eiusque,
1479 3227 1571 3280 sed
1616 3233 1742 3279 ante
1796 3242 1932 3280 corr.
1979 3227 2292 3295 pytagore).
2329 3225 2350 3297 Η

329 3302 360 3347 3
404 3304 502 3351 ῖᾱ.
543 3298 588 3351 81
627 3317 688 3351 1,.
726 3315 780 3351 x.
819 3299 837 3367 ΙΙ
875 3303 906 3351 5
945 3314 1143 3365 corpus
1182 3313 1248 3350 ex
1285 3297 1321 3351 1.
1363 3300 1480 3367 (sic)
1517 3314 1573 3350 x.
1601 3298 1619 3365 ΙΙ
1649 3302 1679 3349 6
1715 3298 1873 3367 per(p
1909 3297 2348 3365 GS)quadratus

333 3367 450 3433 (sic)
487 3386 526 3420 x
572 3369 771 3436 (figura
817 3384 886 3420 ex
933 3367 1085 3421 omni
1129 3367 1306 3421 latere
1354 3367 1634 3436 quadrata
1680 3368 1856 3421 Varro
1892 3385 1927 3421 α
1974 3409 1985 3420 .
2020 3369 2155 3422 Gen.
2186 3372 2237 3434 1,
2254 3370 2347 3421 20.

333 3435 403 3495 cf.
432 3436 514 3489 M.
539 3438 719 3491 Thiel:
755 3438 808 3491 J.
837 3440 878 3505 f.
911 3439 1059 3492 Phil.
1090 3441 1215 3505 155,
1235 3442 1382 3507 367).
1411 3441 1431 3507 u
1458 3444 1490 3492 8
1521 3437 1680 3491 alveo
1713 3438 1781 3490 H
1789 3438 1839 3493 G
1868 3440 1923 3506 (a
1948 3454 2017 3491 ea
2044 3438 2098 3503 S,
2129 3438 2349 3493 alveolo

345 3500 520 3556 Varro
558 3506 592 3556 1.
623 3509 704 3573 c.).
741 3508 761 3573 ΙΙ
800 3513 864 3560 12
904 3508 1103 3562 echoro
1133 3508 1201 3560 H
1205 3509 1395 3579 S(G⁶)=
1434 3510 1493 3562 et
1528 3508 1663 3562 horo
1696 3510 1763 3564 G.
1801 3510 1820 3577 ΙΙ
1857 3514 1924 3561 14
1964 3512 2256 3563 auctorum
2290 3527 2348 3564 x.
