2664 3927
379 151 505 216 128
1221 151 1550 206 VITRU‘VII

375 322 526 379 quae
571 303 635 361 in
679 321 840 379 aqua
884 304 1024 362 sunt
1057 302 1314 378 futurae,
1360 301 1638 366 videntur
1672 302 1758 362 sic
1792 319 1919 362 esse
1954 299 2261 360 faciendae
2297 301 2401 360 uti

371 393 646 468 portetur
701 391 901 467 pulvis
955 408 992 449 a
1044 381 1403 472 relgionibus
1462 409 1616 466 quae
1672 393 1811 449 sunt
1864 409 1901 448 a
1952 389 2151 450 Gumis
2205 390 2399 449 conti·
2420 402 2525 454 (15)

372 482 595 540 nuatae
641 480 718 539 ad
761 481 1239 555 promuntorium
1273 479 1595 554 Minervae,
1640 480 1809 555 isque
1846 479 2167 539 misceatur
2199 480 2293 537 uti
2328 479 2399 536 in

373 569 656 629 mortario
704 569 819 628 duo
864 567 942 626 ad
994 588 1183 627 unum
1239 567 1651 644 respondeant.
1741 567 1953 626 deinde
2006 570 2149 627 tunc
2201 568 2266 626 in
2320 585 2395 626 eo

372 659 502 718 loco
549 658 653 734 qui
698 656 974 716 definitus
1013 657 1145 730 erit,
1191 674 1362 716 arcae
1400 657 1703 733 stipitibus
1739 655 2032 716 robusteis
2069 657 2129 714 et
2164 656 2397 716 catenis
2429 677 2461 717 5

371 747 635 806 inclusae
691 747 755 804 in
819 764 1038 821 aquam
1099 745 1497 804 demittendae
1561 745 2062 821 destinandaeque
2124 743 2396 821 firmiter,

373 834 584 894 deinde
635 835 796 893 intra
851 853 921 892 ex
973 835 1250 893 trastillis
1305 834 1551 894 inferior
1596 830 1605 914 Ι
1653 853 1792 911 pars
1847 834 1955 893 sub
2011 851 2169 910 aqua
2224 853 2396 892 exae·
2417 844 2515 896 (πο)

374 923 612 999 quanda
658 926 718 981 et
771 922 1108 1000 purganda,
1163 926 1224 983 et
1276 924 1596 983 caementis
1651 943 1722 981 ex
1774 922 2057 982 mortario
2070 967 2085 997 ,
2138 922 2398 982 materia

371 1011 560 1071 mixta
596 1011 1089 1088 quemadmodum
1125 1030 1306 1087 supra
1342 1013 1629 1088 scriptum
1668 1014 1776 1086 est,
1819 1011 1906 1070 ibi
1942 1011 2397 1090 congerendam,

373 1100 642 1176 doneque
696 1101 1065 1176 compleatur
1117 1103 1417 1161 structura
1470 1101 1733 1177 spatium
1785 1100 1948 1176 quod
1999 1101 2181 1160 fuerit
2232 1100 2396 1159 inter
2428 1122 2483 1162 10

373 1207 557 1249 arcas,
648 1190 758 1249 hoc
802 1193 1003 1249 autem
1053 1209 1267 1249 munus
1321 1190 1595 1249 naturale
1650 1188 1872 1248 habent
1926 1207 1999 1248 ea
2050 1189 2183 1249 loca
2238 1208 2395 1265 quae

373 1297 556 1353 supra
599 1279 820 1354 scripta
864 1282 1018 1339 sunt.

285 1427 290 1432 ,
509 1359 516 1448 Ι
559 1366 665 1426 Sin
711 1370 914 1426 autem
957 1371 1202 1443 propter
1245 1367 1458 1426 fluctus
1504 1368 1611 1426 aut
1655 1367 1913 1443 impetus
1961 1368 2155 1442 aperti
2189 1367 2394 1446 pelagi
2414 1377 2505 1431 (2⁶)

279 1459 284 1464 ’
372 1455 638 1516 destinae
685 1475 851 1516 arcas
895 1475 1016 1514 non
1058 1455 1366 1533 potuerint
1410 1457 1726 1530 continere,
1769 1459 1913 1515 tunc
1950 1455 2025 1514 ab
2059 1456 2192 1532 ipsa
2228 1458 2394 1515 terra

373 1545 495 1604 sive
555 1545 852 1622 crepidine
906 1546 1184 1621 pulvinus
1241 1564 1424 1620 quam
1480 1544 1812 1603 firmissime
1866 1547 2159 1622 struatur,
2217 1546 2392 1621 isque
2422 1565 2476 1606 ιε

370 1634 648 1709 pulvinus
710 1636 1040 1709 exaequata
1095 1636 1362 1692 struatur
1411 1633 1670 1710 planitia
1728 1633 1924 1694 minus
1982 1652 2163 1709 quam
2218 1633 2392 1692 dimi-

372 1723 507 1780 diae
549 1724 758 1799 partis‚
801 1723 1100 1798 reliquum
1146 1721 1304 1798 quod
1352 1725 1442 1782 est
1484 1722 1749 1799 proxime
1785 1722 1947 1797 litus,
1991 1722 2392 1798 proclinatum

370 1811 532 1869 latus
574 1811 808 1870 habeat.
860 1805 868 1889 Ι
917 1811 1126 1870 deinde
1173 1812 1250 1870 ad
1292 1812 1487 1887 ipsam
1533 1829 1750 1887 aquam
1796 1813 1857 1870 et
1900 1812 2091 1870 latera
2138 1811 2390 1887 pulvino
2412 1820 2526 1876 13⁰

371 1898 604 1958 circiter
665 1900 1101 1977 sesquipedales
1162 1900 1461 1979 margines
1526 1902 1835 1960 struantur
1899 1900 2253 1977 aequilibres
2318 1919 2391 1959 ex

370 1988 626 2064 planitia
671 2009 822 2065 quae
870 1993 960 2049 est
1011 2007 1192 2066 supra
1245 1990 1493 2066 scripta,
1548 1993 1692 2049 tunc
1744 1990 2100 2066 proclinatio
2156 2009 2224 2048 ea
2277 1990 2388 2049 im-
2416 2012 2470 2051 ιο

368 2077 606 2153 pleatur
665 2078 888 2136 harena
950 2081 1011 2137 et
1069 2082 1433 2155 exaequetur
1494 2097 1628 2137 cum
1684 2079 1951 2156 margine
2012 2082 2074 2138 et
2134 2078 2389 2154 planitia

368 2165 617 2243 pulvini.
708 2166 918 2225 deinde
961 2167 1203 2242 insuper
1246 2186 1379 2226 eam
1426 2163 1436 2246 Ι
1486 2168 1975 2243 exaequationem
2026 2168 2152 2244 pila
2207 2187 2389 2243 quam
2407 2178 2467 2229 (⁵)

369 2274 588 2332 mag-na
634 2256 958 2315 constituta
1000 2256 1183 2315 fuerit
1225 2256 1310 2313 ibi
1366 2258 1657 2331 struatur,
1712 2274 1898 2333 eaque
1946 2275 2078 2315 cum
2132 2255 2245 2315 erit
2291 2276 2385 2314 ex-

370 2346 593 2417 tructa,
654 2344 1031 2420 relinquatur
1091 2364 1165 2402 ne
1227 2343 1423 2404 minus
1486 2344 1632 2404 duos
1685 2364 1913 2405 menses
1968 2348 2038 2403 ut
2090 2347 2383 2405 siccescat.

369 2434 512 2491 tunc
558 2434 757 2491 autem
803 2433 1137 2492 succidatur
1179 2453 1385 2511 margo
1433 2452 1584 2509 quae
1632 2434 1884 2493 sustinet
1926 2435 2225 2493 harenam.
2296 2433 2387 2493 ita
2412 2454 2465 2495 25

367 2520 591 2579 harena
634 2522 908 2581 fluctibus
954 2523 1202 2581 subruta
1247 2522 1463 2581 efficiet
1506 2522 1567 2582 in
1613 2542 1776 2581 mare
1824 2522 1985 2599 pilae
2030 2522 2383 2599 praecipita-

367 2609 608 2669 tionem.
713 2610 826 2670 hac
885 2612 1118 2671 ratione
1190 2611 1713 2688 quotienscumque
1772 2606 1780 2689 Ι
1840 2630 1987 2688 opus
2048 2612 2259 2685 fuerit,
2320 2611 2384 2669 in
2402 2622 2487 2674 (ιο)

371 2718 589 2775 aquam
631 2698 856 2776 poterit
900 2719 1024 2759 esse
1069 2718 1431 2777 progressus.

511 2946 544 2993 3
583 2942 765 3009 isque:
802 2940 893 2994 his
931 2956 1074 3009 quae
1113 2942 1240 3009 (que
1274 2939 1405 3007 GS)
1441 2956 1495 2995 ω.
1551 2942 1571 3009 ΙΙ
1626 2946 1658 2994 5
1694 2939 1940 2995 robustis
1973 2940 2027 2996 S.
2072 2942 2093 3011 ΙΙ
2138 2946 2169 2994 ’1
2208 2940 2377 2995 intra:

369 3009 586 3065 interea
623 3012 713 3080 (H
719 3012 790 3079 G,
834 3010 980 3065 inter
1016 3028 1085 3065 ea
1122 3012 1189 3081 S)
1224 3029 1279 3067 x.
1341 3010 1351 3083 Ι
1409 3010 1718 3066 extrastilis
1754 3029 1809 3066 x.
1871 3010 1878 3082 Ι
1938 3011 2267 3094 exequanda
2304 3012 2378 3068 G:

370 3084 560 3149 exae(e
589 3081 885 3151 S)quenda
913 3082 1038 3137 HS.
1085 3084 1104 3152 ss
1150 3088 1217 3136 10
1256 3082 1535 3151 doneque:
1576 3082 1815 3152 denique
1851 3098 1892 3136 x
1927 3083 2189 3153 (demque
2220 3084 2325 3152 G‘-⁰).
2368 3083 2375 3154 Ι

371 3153 682 3207 structurae
721 3153 822 3221 (H,
859 3171 914 3223 -e
945 3153 1076 3221 GS)
1105 3170 1144 3206 x
1176 3156 1332 3223 (corr.
1364 3154 1535 3223 Lor.).
1562 3156 1581 3235 ΙΙ
1612 3159 1675 3207 11
1713 3171 1915 3207 munus
1944 3153 2079 3209 HS:
2117 3153 2299 3207 minus
2330 3154 2381 3210 G

369 3224 482 3291 (sed
515 3226 580 3277 in
614 3241 683 3278 m.
719 3230 747 3276 ῑ
784 3226 844 3276 at
880 3240 1080 3276 munus
1112 3224 1222 3294 GC).
1251 3226 1270 3295 ΙΙ
1299 3230 1371 3277 14
1403 3226 1651 3295 poterint
1696 3232 1823 3280 ante
1858 3242 1996 3280 corr.
2026 3225 2080 3281 S.
2109 3227 2129 3295 ΙΙ
2157 3230 2223 3278 16
2258 3224 2378 3293 pla-

369 3293 538 3349 nitia:
576 3295 657 3349 sic
690 3311 746 3349 ω.
781 3296 803 3364 ΙΙ
839 3298 907 3347 20
941 3292 1185 3362 planitia
1213 3295 1284 3349 H
1289 3296 1365 3351 G:
1405 3295 1509 3369 -tie
1539 3296 1592 3351 S.
1622 3298 1642 3365 ΙΙ
1670 3302 1734 3349 21
1775 3297 2091 3366 exequae(eae
2128 3297 2275 3366 a)tur
2298 3295 2381 3348 Hc

371 3390 438 3408 =
467 3372 594 3419 ante
630 3380 766 3421 corr.
797 3366 853 3433 S,
889 3369 1193 3433 exequetur
1221 3365 1426 3435 8⁰(G0),
1466 3370 1808 3436 exequentur
1837 3368 1901 3422 G.
1948 3366 1957 3437 Ι
2002 3366 2267 3436 planitia:
2302 3369 2377 3421 sic

369 3450 423 3487 x.
470 3436 490 3503 ΙΙ
534 3440 602 3488 24
639 3436 1028 3506 relinquantur
1066 3435 1154 3492 ΘΟ.
1197 3440 1206 3507 Ι
1247 3437 1454 3491 mensis
1492 3439 1571 3493 H.
1612 3436 1621 3510 Ι
1663 3438 1964 3506 sicvcessat
2000 3438 2054 3493 S.
2096 3440 2116 3507 ΙΙ
2155 3443 2223 3491 26
2266 3436 2375 3511 pile

372 3504 516 3571 (ante
552 3510 709 3573 corr.)
746 3524 846 3562 om.
881 3507 947 3562 G.
