2664 3927
789 178 885 233 DE
922 176 1483 233 ARCHITECTURA
1517 178 1648 233 LIB.
1688 178 1834 247 vm,
1870 185 1902 233 3
2229 177 2354 243 195

333 333 530 391 essent
566 331 775 391 odores
810 348 1001 405 neque
1040 328 1279 387 arbores
1314 330 1616 405 turiferae,
1660 348 1852 405 neque
1885 330 2109 405 piperis
2145 329 2356 387 darent

198 428 314 484 198
333 420 513 479 bacas
558 438 667 479 nec
710 436 947 477 murrae
992 418 1322 495 glaebulas,
1378 436 1488 477 nec
1533 410 1796 500 Cyrelnis
1839 419 1904 476 in
1948 418 2153 476 ferulis
2199 418 2354 477 laser

332 511 699 583 nasceretur,
762 508 867 567 sed
926 508 991 565 in
1054 508 1215 566 omni
1272 510 1435 566 terra
1489 506 1828 585 regionibus
1885 506 2089 566 eodem
2143 526 2354 584 genere

332 600 535 657 omnia
584 598 1051 674 procrearentm‘.
1141 596 1249 655 has
1297 599 1497 655 autem
1540 598 1862 657 varietates
1905 595 2246 673 regionibus
2295 598 2355 653 et

276 688 477 747 slecis
539 687 849 745 inclinatio
911 684 1122 743 mundi
1184 680 1450 764 (efficit)
1514 689 1574 744 et
1636 686 1778 745 solis
1839 685 2098 762 impetus
2159 678 2354 763 <qui>

327 778 573 853 propius
630 778 736 833 aut
795 774 1032 851 longius
1088 792 1323 832 cursum
1385 774 1656 835 faciendo
1718 775 1869 833 tales
1926 774 2110 833 efficit
2159 776 2350 831 terrae

250 874 310 926 (5)
328 866 667 940 umorisque
708 858 719 942 Ι
761 863 1097 939 qualitates.
1168 880 1278 921 nec
1323 863 1516 921 solum
1559 866 1623 921 in
1668 864 1762 923 his
1807 863 1984 922 rebus
2031 863 2134 921 sed
2171 864 2352 921 etiam

326 956 391 1020 in
424 952 737 1029 pecoribus
774 953 835 1011 et
862 951 1159 1011 armentis.
1222 952 1369 1010 haec
1395 970 1515 1009 non
1542 954 1631 1010 ita
1657 952 2028 1013 dissimiliter
2056 952 2350 1011 efficeren-

326 1046 443 1117 tur,
470 1043 589 1100 nisi
613 1042 1009 1117 proprietates
1038 1040 1408 1118 singularum
1433 1043 1728 1099 terrarum
1745 1036 2106 1119 <umorum>
2127 1041 2352 1117 generi-

247 1151 300 1189 10
325 1131 435 1189 bus
483 1130 561 1189 ad
604 1130 745 1190 solis
780 1132 1143 1205 potestatem
1174 1132 1661 1206 temperarentur.
1735 1132 1876 1187 sunt
1911 1132 2067 1188 enim
2103 1130 2352 1189 Boeotia

328 1219 575 1277 flumina
614 1217 895 1294 Cephisos
934 1221 993 1277 et
1028 1218 1234 1293 Melas,
1269 1218 1534 1276 Lucania
1573 1216 1826 1292 Crathis,
1863 1218 2042 1276 Troia
2077 1218 2351 1277 Xanthus

223 1318 309 1369 (1⁰)
328 1310 513 1384 inque
576 1310 733 1385 agris
790 1306 1297 1367 Clazomeniorum
1337 1302 1344 1384 Ι
1388 1310 1448 1365 et
1500 1306 1966 1381 Erythraeorum
2025 1309 2086 1365 et
2137 1306 2350 1365 Laodi-

328 1399 593 1457 censium
645 1397 859 1457 fonteS.
950 1396 1024 1454 ad
1082 1415 1151 1455 ea
1194 1396 1464 1471 flumina,
1519 1414 1653 1455 cum
1697 1414 1912 1471 pecora
1957 1398 2078 1454 suis
2124 1397 2350 1470 tempo·

324 1486 487 1545 ribus
526 1488 667 1545 anni
702 1488 995 1562 parantur
1030 1484 1105 1543 ad
1142 1486 1588 1561 conceptionem
1621 1487 1848 1560 partus,
1883 1503 1992 1559 per
2026 1483 2090 1541 id
2103 1487 2349 1559 ‚tempus

244 1592 296 1633 15
326 1576 645 1653 adiguntur
691 1574 907 1634 cotidie
951 1578 1182 1651 potum,
1228 1594 1297 1633 ex
1345 1591 1531 1649 eoque
1578 1574 1847 1649 quamvis
1887 1574 2007 1631 sint
2045 1572 2180 1630 alba
2215 1590 2348 1647 pro·

323 1667 527 1723 creant
572 1665 709 1723 aliis
755 1664 901 1725 locis
948 1664 1309 1739 leucophaea
1348 1663 1484 1721 aliis
1519 1662 1666 1721 locis
1703 1662 1870 1738 pulla
1907 1662 2040 1720 aliis
2079 1660 2349 1720 coracino

216 1761 304 1812 (15)
324 1754 534 1813 colore.
609 1755 699 1811 ita
742 1754 1076 1829 proprietas
1123 1752 1378 1828 liquoris
1423 1771 1556 1811 cum
1600 1752 1739 1811 iniit
1780 1746 1788 1829 Ι
1829 1752 1892 1809 in
1939 1768 2172 1825 corpus,
2215 1768 2350 1826 pro-

323 1844 576 1901 seminat
619 1843 937 1901 intinctam
982 1843 1075 1900 sui
1120 1842 1403 1916 cuiusque
1450 1842 1680 1918 generis
1729 1840 2101 1915 qualitatem.
2163 1840 2351 1916 igitur

322 1930 483 2007 quod
544 1932 609 1990 in
675 1932 899 2007 campis
954 1930 1230 1989 Troianis
1290 1932 1556 2007 proxime
1619 1930 1838 1988 flumen
1896 1929 2166 1988 armenta
2214 1928 2350 1986 rufa

241 2038 295 2077 zo
324 2024 383 2079 et
436 2039 651 2096 pecora
705 2021 1065 2096 leucophaea
1118 2022 1469 2094 nascuntur,
1526 2019 1660 2078 ideo
1713 2018 1777 2077 id
1831 2019 2051 2078 flumen
2104 2017 2348 2078 Ilienses

314 2109 623 2168 Xanthum
669 2109 1065 2185 appellavisse
1110 2108 1408 2167 dicuntur.

454 2198 771 2273 Etiamque
834 2197 1217 2258 inveniuntur
1282 2216 1471 2272 aquae
1529 2215 1745 2274 genera
1798 2197 2132 2270 mortifera,
2199 2214 2349 2271 quae

473 2428 504 2474 2
542 2437 765 2476 murrae
794 2420 874 2490 H,
907 2420 1045 2490 πηγῷ
1075 2421 1233 2494 8)er
1262 2423 1353 2490 (-ae
1382 2421 1466 2489 E)
1494 2420 1556 2474 E
1567 2418 1682 2475 GS.
1716 2422 1725 2487 Ι
1756 2417 2018 2490 glebulae
2047 2421 2124 2491 (-e
2153 2407 2348 2474 EGS)

324 2511 380 2550 x.
419 2497 447 2564 ΙΙ,
475 2499 507 2546 3
546 2493 745 2547 eodem
781 2508 983 2562 genere
1012 2493 1153 2547 EG:
1193 2492 1391 2546 eodem
1427 2506 1634 2560 genera
1661 2491 1740 2558 H,
1779 2490 1978 2544 eadem
2013 2503 2220 2560 genera
2249 2489 2302 2544 S.
2327 2471 2350 2543 ΙΙ

320 2606 352 2654 5
392 2598 566 2655 efficit
594 2643 605 2653 .
630 2642 642 2654 .
666 2641 677 2652 .
708 2598 807 2666 qui
840 2599 967 2652 add.
998 2598 1148 2652 Mar.
1177 2600 1196 2668 ΙΙ
1226 2604 1257 2651 6
1292 2596 1551 2668 proprius
1577 2615 1619 2651 x
1655 2574 1831 2672 Qphs
1862 2597 1918 2665 S,
1953 2597 2100 2652 umde
2184 2573 2339 2666 prius

318 2675 398 2727 sic
427 2672 501 2726 Ge
528 2697 597 2716 =
624 2669 855 2740 propius
890 2669 1006 2738 E0).
1066 2671 1075 2738 Ι
1134 2671 1235 2722 aut
1271 2671 1352 2724 E:
1390 2671 1456 2722 ut
1492 2668 1684 2724 HSG.
1746 2670 1754 2738 Ι
1813 2669 1996 2722 terrae
2034 2667 2092 2737 (h
2169 2670 2346 2735 >umo-

318 2759 406 2797 res
429 2785 440 2796 .
462 2757 608 2810 quae
654 2743 750 2810 (qu
814 2740 871 2808 S,
914 2738 1031 2812 Que
1060 2741 1202 2810 EG)
1249 2739 1556 2808 qualitates
1592 2757 1646 2794 x.
1703 2741 1722 2808 ΙΙ
1781 2745 1810 2792 7
1849 2755 1978 2793 nec:
2023 2740 2217 2808 fi(non)
2246 2737 2298 2792 S.
2327 2736 2348 2809 ΙΙ

320 2819 352 2866 8
390 2811 659 2866 amentis
683 2854 696 2866 .
770 2827 878 2865 aec·
897 2811 978 2879 H,
1016 2810 1286 2865 armentis
1322 2811 1430 2884 hec
1457 2810 1596 2880 (haec
1626 2811 1711 2880 E)
1741 2810 1803 2864 E
1811 2811 1888 2866 G:
1929 2808 2196 2863 armentis
2235 2807 2345 2862 dis-

319 2886 603 2955 cernunt7-
624 2943 637 2955 .
656 2900 776 2973 Hec
804 2899 849 2954 S
880 2901 1049 2970 (wnde-
1078 2916 1181 2954 rec.
1220 2901 1377 2970 apud
1411 2900 1562 2954 Mar.
1601 2916 1724 2952 cum
1759 2899 1880 2968 ed).
2009 2897 2270 2952 similiter
2304 2915 2346 2952 ω

318 2976 473 3040 (corr.
506 2973 625 3043 ed).
654 2973 674 3041 ΙΙ
702 2977 733 3024 9
760 2987 1016 3024 umorum
1052 2970 1377 3040 generibus:
1415 2969 1478 3023 in
1511 2969 1810 3040 generibus
1843 2970 1913 3023 H
1955 3012 1973 3038 ,
2007 2969 2070 3023 iu
2103 2967 2345 3040 regioni-

318 3043 427 3097 bus
465 3042 588 3098 EG
642 3046 713 3112 (et
765 3044 829 3096 in
882 3059 1055 3112 mary.
1094 3041 1157 3096 S0
1200 3045 1227 3094 1
1274 3041 1634 3112 regionibus).
1696 3043 1715 3110 ΙΙ
1779 3046 1846 3094 10
1899 3042 2346 3110 temperarentur

318 3115 363 3170 S
367 3116 509 3185 (Gc):
547 3116 879 3183 pei-arentur
904 3112 994 3181 H,
1028 3115 1364 3182 pararentur
1395 3113 1517 3168 EG
1555 3113 1668 3180 (sed
1697 3113 1772 3168 Ge
1806 3119 1834 3164 ῑ
1869 3117 1930 3165 ar
1963 3115 2340 3182 temperaren-

316 3187 444 3253 tur).
480 3191 487 3247 Ι
520 3185 694 3240 enim:
734 3185 839 3238 &ia
864 3184 919 3240 S.
954 3185 963 3254 Ι
993 3183 1206 3238 beffiae
1234 3184 1315 3253 H,
1352 3182 1610 3258 boetie(ae
1636 3183 1718 3254 Ε)
1745 3182 1854 3238 SE
1864 3185 1930 3239 G.
1968 3185 1988 3252 ΙΙ
2026 3188 2089 3235 11
2125 3181 2342 3236 lucanis

320 3256 528 3310 aei-aris
564 3274 619 3312 x.
662 3259 683 3327 ΙΙ
726 3261 791 3309 12
830 3254 1334 3310 clazomoeniorum
1367 3273 1424 3310 x.
1461 3257 1481 3325 ΙΙ
1519 3261 1584 3308 13
1624 3271 1694 3309 ea
1729 3271 1830 3309 om.
1867 3271 1922 3309 x.
1951 3256 1970 3324 ΙΙ
2000 3259 2066 3306 15
2089 3252 2344 3322 adigun-

317 3329 412 3381 tur
448 3329 536 3397 E,
592 3327 891 3381 adicuntur
926 3326 996 3381 H
1002 3327 1081 3381 G:
1154 3325 1476 3380 adiciuntur
1509 3326 1564 3382 S.
1633 3329 1643 3397 Ι
1711 3325 1950 3380 cotidie:
2020 3340 2088 3378 eo
2143 3326 2230 3390 (eo
2274 3323 2340 3392 S)

321 3397 527 3453 cotidie
564 3400 656 3468 (-ae
693 3399 853 3467 HE)
888 3415 945 3453 x.
1004 3401 1015 3467 Ι
1072 3397 1330 3466 quamvis
1369 3399 1444 3464 Ε,
1481 3403 1596 3465 qua
1629 3395 1716 3450 vis
1755 3396 1818 3451 S:
1867 3394 2066 3464 quavis
2104 3395 2193 3463 H,
2229 3409 2346 3462 qua

319 3468 405 3522 vis
435 3470 501 3526 G.
547 3471 567 3537 ΙΙ
615 3474 683 3523 16
720 3468 979 3524 caracino
1009 3469 1063 3524 S.
1109 3471 1128 3539 ΙΙ
1176 3474 1239 3522 17
1278 3468 1392 3522 init
1423 3486 1477 3523 ce.
1524 3471 1544 3538 ΙΙ
1588 3473 1660 3522 20
1693 3468 1900 3522 fiumen
1937 3465 2163 3520 ilienses
2192 3465 2340 3522 EG:

318 3539 524 3595 flumen
548 3541 556 3612 Ι
576 3539 845 3595 nilienses
872 3541 953 3610 H,
988 3540 1123 3594 fiuffi
1158 3539 1423 3595 nilienses
1452 3539 1506 3595 S.

1918 3627 2022 3680 13*

2390 1144 2458 1190 14

2387 2208 2454 2256 15
