2664 3927
301 185 430 250 166
1143 184 1473 240 VITRUVII

289 338 500 412 postea
529 338 728 394 autem
757 354 956 412 supra,
993 335 1423 394 trullissatione
1450 335 1877 410 subarescente,
1910 334 2317 394 deformentur

289 425 640 484 directiones
697 425 969 483 harenati
982 469 997 499 ,
1056 425 1148 483 uti
1208 423 1609 500 longitudines
1666 424 1744 482 ad
1795 424 2065 501 regulam
2122 427 2182 482 et
2236 424 2314 482 ad

288 513 537 589 lineam,
593 513 938 572 altitudines
986 513 1061 571 ad
1105 512 1617 588 perpendiculum,
1668 513 1875 590 anguli
1920 512 1999 570 ad
2042 531 2312 572 normam

287 593 726 683 relspondentes
765 602 1090 680 exigantur.
1163 619 1420 676 namque
1456 603 1541 660 sic
1579 601 1890 660 emendata
1927 602 2311 660 tectoriorum
2329 613 2421 666 (20)

287 691 352 747 in
395 690 644 766 picturis
691 691 805 748 erit
851 691 1090 766 species
1163 689 1595 765 subarescente,
1640 691 1857 748 iterum
1902 692 1963 748 et
2007 691 2185 750 tertio
2219 690 2307 748 in-
2338 710 2365 750 5

286 779 554 838 ducatur.
625 779 714 836 ita
760 797 893 838 cum
936 778 1242 837 fundatior
1287 779 1401 836 erit
1446 797 1516 836 ex
1555 778 1841 837 harenato
1879 778 2215 854 directura,
2240 798 2308 838 eo

218 883 249 930 6
287 867 514 926 firmior
550 868 664 926 erit
699 867 777 924 ad
803 869 1163 926 vetustatem
1199 867 1470 926 soliditas
1498 866 1749 926 tectorii.
1814 886 1949 925 cum
1975 867 2049 925 ab
2085 867 2309 927 harena

288 958 526 1031 praeter
568 955 1062 1015 trullissationem
1113 975 1233 1015 non
1287 956 1482 1014 minus
1528 948 1716 1014 tribus
1764 955 1937 1014 coriis
1983 956 2166 1015 fuerit
2210 957 2307 1015 de-

286 1045 627 1119 formatum,
668 1039 676 1122 Ι
717 1047 858 1104 tunc
905 1065 936 1104 e
981 1063 1273 1103 marmore
1327 1063 1547 1122 graneo
1594 1044 1945 1103 directiones
1992 1047 2131 1105 sunt
2175 1045 2307 1104 sub·
2328 1055 2417 1108 (2⁵)

285 1132 555 1209 igendae,
602 1133 741 1190 dum
786 1134 874 1192 ita
915 1128 923 1213 Ι
963 1134 1238 1193 materies
1285 1135 1648 1208 temperetur
1691 1132 1784 1191 uti
1830 1152 1964 1191 cum
2000 1132 2310 1210 subigatur
2330 1142 2447 1197 168

287 1239 408 1280 non
469 1222 713 1281 haereat
775 1223 853 1280 ad
915 1225 1172 1296 rutrum,
1235 1221 1338 1280 sed
1391 1241 1606 1297 purum
1659 1223 1883 1280 ferrum
1937 1241 1968 1278 e
2022 1223 2306 1281 mortario
2335 1243 2387 1282 ιι

285 1309 582 1368 liberetur.
673 1329 892 1388 graneo
939 1311 1180 1370 inducto
1227 1313 1288 1369 et
1332 1311 1725 1385 inarescente,
1781 1310 2037 1369 alterum
2083 1311 2308 1370 corium

283 1398 576 1458 mediocre
613 1398 921 1477 dirigatur.
994 1400 1056 1457 id
1093 1418 1226 1457 cum
1273 1398 1584 1458 subactum
1628 1399 1809 1458 fuerit
1854 1402 1915 1457 et
1948 1399 2096 1458 bene
2130 1398 2305 1458 frica-

284 1488 430 1562 tum,
477 1486 753 1547 subtilius
797 1487 1128 1547 inducatur.
1218 1487 1307 1545 ita
1349 1481 1356 1565 Ι
1398 1507 1532 1546 cum
1584 1487 1773 1546 tribus
1822 1486 1995 1546 coriis
2047 1488 2305 1547 harenae
2323 1498 2383 1550 (5)

284 1579 344 1634 et
395 1576 541 1635 item
594 1577 904 1636 marmoris
963 1576 1204 1635 solidati
1259 1576 1517 1652 parietes
1573 1577 1821 1652 fuerint,
1874 1595 2069 1652 neque
2120 1576 2303 1634 rimas
2330 1595 2385 1636 15

221 1679 250 1726 7
289 1683 479 1740 neque
526 1665 690 1722 aliud
725 1665 940 1727 vitium
984 1665 1048 1722 in
1093 1684 1154 1724 se
1199 1664 1458 1740 recipere
1503 1667 1799 1741 poterunt.
1878 1665 1981 1724 sed
2017 1668 2076 1724 et
2119 1665 2300 1723 liacu-

281 1753 477 1810 lorum
532 1753 974 1832 subactionibus
1029 1754 1280 1812 fundata
1338 1753 1639 1812 soliditate
1693 1755 2121 1829 marmorisque
2167 1771 2301 1812 can-

283 1841 424 1899 dore
487 1840 656 1901 firmo
720 1842 1010 1919 levigata,
1075 1842 1367 1901 coloribus
1424 1861 1556 1900 cum
1608 1841 1994 1918 politionibus
2046 1842 2303 1902 inductis

280 1929 503 1989 nitidos
541 1929 872 2005 expriment
908 1931 1263 2008 splendores
1340 1931 1563 1991 colores
1600 1934 1817 2008 autem,
1858 1926 1866 2012 Ι
1907 1932 2023 1991 udo
2052 1931 2302 1991 tectorio
2322 1941 2413 1993 (10)

282 2036 417 2076 cum
462 2018 777 2095 diligenter
822 2023 960 2079 sunt
1004 2020 1257 2095 inducti,
1310 2021 1446 2099 ideo
1492 2039 1614 2079 non
1656 2021 1971 2079 remittunt
2015 2021 2119 2080 sed
2164 2024 2304 2080 sunt
2332 2041 2385 2081 20

280 2109 568 2183 perpetuo
630 2111 1067 2183 permanentes,
1133 2109 1290 2184 quod
1354 2110 1485 2167 calx
1546 2110 1610 2168 in
1671 2110 2007 2169 fornacibus
2064 2113 2302 2169 excocto

281 2196 511 2271 liquore
556 2197 717 2254 facta
761 2197 1108 2256 raritatibus
1151 2198 1421 2273 evanida,
1465 2198 1776 2257 ieiunitate
1814 2201 2019 2257 coacta
2056 2198 2303 2274 corripit

280 2284 344 2343 in
389 2302 451 2343 se
497 2302 650 2359 quae
695 2304 788 2343 res
834 2286 986 2344 forte
1034 2287 1436 2363 contigerunt,
1489 2286 1989 2362 mixtionibusque
2044 2306 2116 2346 ex
2166 2286 2301 2345 aliis

279 2373 677 2449 potestatibus
725 2374 976 2433 conlatis
1021 2375 1341 2435 seminibus
1389 2394 1491 2434 seu
1535 2374 1843 2451 principiis
1897 2395 2016 2434 una
2070 2368 2299 2457 solilde-
2320 2386 2413 2439 (15)

280 2462 522 2537 scendo,
583 2462 648 2520 in
711 2462 1175 2540 quibuscumque
1239 2463 1515 2523 membris
1581 2468 1670 2523 est
1732 2465 1990 2523 formata
2045 2483 2179 2523 cum
2231 2464 2300 2523 fit
2328 2484 2382 2525 25

281 2549 448 2608 arida
502 2551 794 2628 redigitur
846 2553 939 2610 uti
993 2553 1085 2611 sui
1138 2554 1369 2629 generis
1424 2553 1694 2629 proprias
1749 2552 2026 2611 videatur
2082 2552 2298 2611 habere

209 2653 242 2701 8
282 2640 621 2715 qualitates.
710 2641 914 2716 itaque
969 2642 1219 2699 tectoria
1275 2658 1429 2717 quae
1483 2644 1639 2701 recte
1696 2644 1834 2701 sunt
1887 2643 2049 2700 facta
2107 2660 2299 2717 neque

278 2729 676 2788 vetustatibus
713 2728 866 2788 fiunt
903 2729 1159 2805 horrida,
1195 2748 1387 2805 neque
1416 2748 1550 2788 cum
1582 2732 1959 2806 extergentur
1984 2731 2301 2789 remittunt

280 2817 530 2893 colores,
585 2818 701 2877 nisi
757 2819 809 2877 si
860 2838 1077 2894 parum
1129 2818 1447 2895 diligenter
1500 2822 1561 2877 et
1612 2818 1677 2877 in
1722 2818 1889 2877 arido
1943 2819 2165 2878 fuerint
2208 2820 2298 2876 in·

424 3009 452 3057 1
492 3003 956 3059 trullissationem
992 3007 1107 3075 (me
1141 3006 1212 3075 G)
1247 3005 1315 3059 H
1320 3007 1374 3061 G
1410 3006 1527 3075 (-ne
1555 3004 1641 3074 S).
1678 3007 1697 3075 ΙΙ
1733 3010 1764 3057 2
1804 3004 2151 3059 derectiones
2186 3022 2242 3060 x.
2284 3005 2292 3079 Ι

277 3110 365 3165 uti
392 3111 543 3167 HG:
585 3111 650 3164 ut
677 3112 730 3168 S.
759 3113 777 3181 ΙΙ
804 3118 838 3165 4
866 3114 1144 3167 tectorum
1169 3130 1224 3167 x.
1253 3114 1272 3181 ΙΙ
1299 3117 1330 3164 6
1370 3089 1781 3166 cdmfundatior
1809 3111 1884 3165 H.
1920 3114 1929 3181 Ι
1960 3110 2122 3181 ha(a-
2142 3111 2298 3181 S)re-

276 3182 415 3236 nata
445 3184 548 3251 (-to
582 3182 653 3251 G)
691 3181 982 3237 detectura
1009 3200 1065 3237 x.
1093 3185 1113 3252 ΙΙ
1141 3188 1172 3235 9
1211 3198 1421 3253 graneo
1457 3181 1676 3253 (granio
1709 3183 1900 3250 Fav.)=
1938 3182 2177 3252 grandin
2204 3181 2292 3254 aa}

277 3252 626 3307 derectiones
661 3269 717 3307 x.
755 3255 774 3323 ΙΙ
812 3258 876 3306 12
915 3269 1151 3322 graneo:
1188 3252 1392 3323 grandi
1425 3272 1479 3307 x.
1509 3256 1528 3323 ΙΙ
1557 3258 1622 3305 16
1660 3252 1993 3307 liaculorum
2030 3256 2149 3324 (sic)
2186 3272 2240 3309 x.
2278 3252 2298 3325 ΙΙ

280 3328 346 3375 17
385 3323 685 3376 candorem
712 3325 787 3393 (-e
819 3323 949 3392 GS)
975 3341 1032 3379 x.
1059 3325 1078 3394 ΙΙ
1108 3329 1174 3377 18
1213 3324 1461 3395 levigate
1486 3326 1600 3393 (-ae
1632 3324 1705 3393 G)
1732 3342 1787 3377 x.
1815 3326 1834 3394 ΙΙ
1865 3328 1930 3377 19
1968 3324 2108 3380 udo:
2144 3323 2297 3379 nudo

277 3408 332 3444 x.
379 3393 397 3459 ΙΙ
442 3399 510 3445 22
549 3393 790 3447 evanida
832 3394 908 3449 G:
951 3392 1254 3449 &evanida
1291 3395 1563 3465 HS(G'⁶).·
1588 3396 1608 3463 ΙΙ
1655 3399 1721 3447 23
1759 3394 1931 3451 forte:
1968 3398 2131 3465 porte
2170 3396 2239 3451 G.
2273 3394 2296 3467 ΙΙ

279 3464 346 3510 26
383 3461 604 3515 videtur
639 3482 693 3519 ω.
740 3467 759 3534 ΙΙ
805 3470 871 3517 27
909 3467 1096 3520 rectae
1124 3465 1193 3519 H
1215 3492 1283 3511 --
1311 3467 1459 3519 recte
1502 3466 1576 3521 G:
1616 3468 1702 3519 -ta
1738 3465 1792 3521 S.
1838 3468 1857 3535 ΙΙ
1904 3470 1970 3519 29
2009 3465 2121 3520 nisi
2160 3465 2296 3539 (si)

274 3544 450 3596 supra
486 3534 611 3586 add.
642 3535 704 3589 Sc
738 3538 822 3606 (ut
855 3538 919 3590 in
954 3553 1062 3592 ras,
1093 3554 1150 3606 p.
1183 3541 1310 3604 105,
1326 3538 1437 3605 28).
1488 3542 1497 3601 Ι
1546 3535 1779 3613 inducta
1813 3555 1867 3592 x.
