2664 3927
241 908 312 955 24

349 151 483 216 200
821 169 827 177 ·
957 161 975 172 ’·
1200 149 1532 204 VITRUVH

440 292 699 383 {siba-rot·
730 295 1086 376 κρανάεντα
1135 297 1404 376 βλέπεις,
1451 297 1609 374 ξένε,
1655 299 1788 367 τῶν
1835 292 1963 361 ἄπο
2011 296 2221 374 χερςὶν
2416 314 2518 365 (15)

528 386 767 464 λουτρὰ
812 387 927 464 μὲν
973 382 1381 468 ἀνθρώποκς
1427 381 1670 463 ἀβλαβῆ
1719 382 1883 448 ἔςτιν
1931 383 2102 463 ἔχειν
2114 384 2170 467 ·>

436 476 517 553 ἢν
564 476 647 548 δὲ·
686 473 881 558 βάλῃς
926 473 1141 552 κοίλης
1187 474 1338 537 ποτὶ
1382 473 1617 551 νηδύος
1663 471 1910 549 ἀγλαὸν
1957 474 2130 551 ὕδωρ

524 561 729 646 (ἄκρα
775 563 975 643 μόνον
1020 564 1287 640 δολιχοῦ
1335 560 1594 640 χείλεος-
1626 559 2018 643 ἁψάμενος,>
2441 603 2448 607 -
2499 622 2504 629 .

405 652 724 731 ,αὐτῆμαρ
770 656 1101 731 πριςτῆρες
1146 649 1294 733 ἐ<πὶ
1342 651 1522 729 χθονὶ
1568 652 1785 715 δαιτὸς
1831 650 2138 734 ὀδόντες)
2421 677 2452 718 5

530 736 923 826 Ιπίπτουςιν,
968 739 1218 816 γενύων
1266 738 1526 818 ὀρφανὰ
1572 740 1789 805 θέντες
1836 740 1966 817 ἕδη.
2410 757 2507 809 (80)

486 885 639 945 Sunt
694 885 875 945 etiam
928 886 1228 944 nonnullis
1283 885 1429 943 locis
1480 886 1736 943 fontium
1780 887 2174 961 proprietates
2223 907 2385 962 quae

346 978 665 1051 procreant
721 976 823 1051 qui
876 974 962 1033 ibi
1015 976 1363 1033 nascuntur
1395 975 1646 1051 egregiis
1702 974 1946 1034 vocibus
2003 976 2078 1033 ad
2132 978 2382 1035 cantan-

348 1064 516 1140 dum,
568 1059 576 1141 Ι
624 1066 716 1123 uti
752 1117 756 1121 .
788 1065 971 1123 Tarso
1034 1063 1374 1140 Magnesiae
1449 1063 1582 1121 aliis
1657 1063 1946 1122 eiusmodi
2017 1065 2383 1141 regionibus.
2405 1076 2530 1131 203
2612 1074 2613 1077 ’

349 1154 649 1228 etiamque
686 1153 865 1211 Zama
912 1155 1002 1211 est
1047 1153 1257 1211 civitas
1294 1152 1578 1210 Afrorum
1615 1152 1780 1211 cuius
1817 1154 2050 1211 moenia
2086 1173 2188 1211 rex
2224 1155 2383 1214 Iuba
2417 1178 2474 1217 10

349 1241 576 1316 duplici
637 1261 805 1300 muro
869 1244 1092 1317 saepsit
1144 1242 1349 1317 ibique
1412 1241 1639 1317 regiam
1694 1240 1932 1299 domum
1987 1242 2100 1300 sibi
2156 1246 2380 1302 consti-

346 1331 485 1389 tuit.
578 1330 650 1389 ab
698 1352 767 1390 ea
796 1332 978 1389 milia
1022 1349 1304 1407 passuum
1349 1348 1432 1387 xx
1479 1332 1569 1388 est
1610 1330 1897 1405 oppidum
1941 1331 2181 1409 Ismuc„
2208 1334 2380 1393 cuius

350 1438 628 1497 agrorum
676 1416 684 1499 Ι
732 1422 1003 1497 regiones
1070 1418 1404 1477 incredibili
1465 1417 1670 1477 finitae
1735 1422 1874 1478 sunt
1936 1422 2380 1482 terminatione.
2405 1434 2470 1487 (5)

258 1552 265 1570 -,
350 1527 486 1567 cum
532 1512 686 1569 esset
730 1510 888 1568 enim
922 1508 1128 1567 Africa
1163 1526 1378 1583 parens
1417 1510 1477 1566 et
1512 1509 1715 1565 nutrix
1751 1508 2012 1567 ferarum
2046 1508 2382 1571 bestiarum

247 2063 315 2111 25

349 1598 603 1657 maxime
660 1599 1051 1673 serpentium,
1113 1597 1356 1669 ineius
1413 1597 1570 1674 agris
1627 1597 1833 1672 oppidi
1885 1598 2052 1655 nulla
2105 1600 2382 1667 nascitur
2413 1622 2470 1661 15

350 1678 413 1745 et
458 1688 509 1746 si
556 1688 791 1763 quando
838 1687 1039 1745 adlata
1083 1684 1168 1744 ibi
1212 1688 1471 1761 ponatur
1515 1686 1722 1744 statim
1765 1687 2032 1761 moritur,
2079 1708 2270 1763 neque
2316 1690 2384 1748 id

350 1775 564 1850 solum,
612 1776 714 1835 sed
760 1777 941 1833 etiam
982 1778 1141 1833 terra
1179 1793 1249 1833 ex
1284 1775 1377 1833 his
1415 1775 1560 1833 loeis
1599 1776 1651 1833 si
1689 1775 1808 1833 alio
1845 1778 2140 1835 translata
2175 1778 2382 1854 fuerit,

352 1867 414 1932 et
466 1863 567 1921 ibi.
657 1864 719 1923 id
776 1884 959 1941 genus
1016 1866 1209 1922 terrae
1258 1858 1266 1941 Ι
1317 1864 1500 1921 etiam
1553 1854 1902 1923 Balearibus
1958 1865 2176 1923 dicitur
2233 1886 2381 1926 esse.
2404 1878 2496 1930 (1⁰)

352 1953 455 2012 sed
520 1952 700 2012 aliam
760 1953 1186 2012 mirabiliorem
1246 1953 1533 2012 virtutem
1587 1973 1656 2012 ea
1712 1952 1893 2013 habet
1946 1956 2132 2030 terra,
2198 1975 2382 2034 quam

356 2060 463 2118 ego
512 2044 596 2101 sio
642 2043 860 2118 accepi.
932 2041 1113 2102 Gaius
1159 2042 1348 2100 Iulius
1385 2043 1733 2101 Masinissae
1776 2042 1955 2119 filius,
2000 2035 2180 2103 euius
2209 2049 2382 2104 erant
2414 2068 2470 2106 20

352 2131 541 2190 totius
607 2132 812 2206 oppidi
875 2150 1153 2209 agrorum
1216 2132 1640 2207 possessiones,
1709 2150 1844 2190 cum
1904 2136 2074 2208 patre
2139 2131 2382 2192 Caesari

352 2220 654 2280 militavit.
744 2221 796 2278 is
850 2221 1111 2296 hospitio
1165 2238 1296 2278 meo
1353 2223 1445 2279 est
1496 2239 1652 2279 usus.
1744 2221 1832 2282 ita
1887 2221 2183 2280 cotidiano
2242 2241 2376 2283 con-

354 2309 521 2367 victu
566 2311 810 2368 necesse
846 2310 1043 2368 fuerat
1081 2309 1152 2366 de
1188 2309 1519 2386 philologia
1547 2309 1876 2384 disputare.
1919 2306 1926 2388 Ι
1967 2312 2208 2376 interim
2243 2331 2380 2370 eum
2403 2323 2496 2376 (15)
2612 2379 2613 2388 ἵ

503 2595 530 2642 1
569 2568 780 2646 Ῡεῗᾷτα
814 2601 1129 2660 nanaenra
1154 2566 1380 2640 Baessu'etc
1415 2588 1652 2639 {encrwn
1685 2565 1983 2652 aiibxercu«
2008 2589 2088 2641 sic
2113 2587 2183 2640 H
2191 2586 2242 2641 G
2268 2589 2375 2656 (ὕδ.

353 2701 537 2751 ταῦτα
575 2697 785 2764 βλέπεις
816 2693 1233 2763 φοβερᾶΙιαυκν.
1274 2700 1327 2748 et
1360 2694 1440 2748 sic
1465 2691 1581 2748 Joc.
1642 2693 1661 2762 ΙΙ
1720 2699 1751 2745 2
1791 2673 2002 2746 storf-rra
2037 2708 2145 2746 neu
2181 2709 2376 2746 aui-1³0-

356 2770 823 2859 notmsaeuniioxo
874 2803 883 2871 Ι
932 2777 1746 2856 monomanfl‘keocaffigmmr
1781 2793 2195 2868 (αβλαβηεςτιν
2232 2817 2376 2866 εχειν

354 2927 458 2966 om.
487 2909 555 2964 H
564 2910 651 2978 G).
696 2909 717 2978 ΙΙ
760 2913 795 2960 4
831 2925 931 2964 om.
962 2908 1032 2963 H
1036 2908 1103 2963 G.
1156 2910 1179 2976 ΙΙ
1234 2913 1265 2960 5
1303 2891 1670 2961 amflmemtc
1714 2909 1722 2976 Ι
1767 2889 2376 2962 rfirecenemrorcmre·

356 2995 1036 3082 urwuorspamssenrecean
1065 3015 1144 3083 (πι
1170 3019 1326 3081 χθονι
1366 3017 1554 3069 δαιτος
1590 3016 1816 3068 οδοντες
1851 3029 1951 3068 om.
1982 3013 2050 3066 H
2057 3013 2145 3082 θ’).
2175 3015 2194 3082 ss
2222 3018 2252 3066 9
2291 3005 2380 3066 uti

355 3086 549 3140 tharso
587 3087 653 3140 H
662 3087 741 3142 G:
794 3087 860 3138 ut
912 3085 1165 3138 intharso
1202 3084 1274 3139 Ε.
1330 3087 1351 3155 ΙΙ
1406 3090 1470 3138 11
1521 3083 1697 3154 sepsit
1729 3101 1785 3138 x.
1839 3086 1859 3154 ΙΙ
1914 3090 1979 3137 12
2025 3100 2224 3154 passus
2273 3103 2373 3137 αι.
2489 3097 2493 3102 ·

358 3159 477 3226 (sic)
514 3175 567 3212 x.
624 3159 643 3226 ΙΙ
701 3161 765 3210 13
803 3155 1059 3224 regiones
1098 3157 1183 3210 He
1222 3155 1334 3210 -nis
1371 3156 1510 3212 EG.
1560 3158 1569 3226 Ι
1618 3154 1767 3210 finiti
1801 3173 1856 3210 x.
1909 3157 1930 3236 fl
1985 3159 2051 3208 17
2089 3154 2260 3210 fuerit
2290 3157 2298 3225 Ι
2329 3155 2376 3208 sc

356 3227 441 3282 ibi
476 3227 538 3281 id
568 3229 655 3296 H,
696 3226 897 3282 fuerit.
918 3226 965 3280 ὣ
1009 3224 1092 3279 ibi
1134 3226 1196 3280 id
1234 3227 1370 3284 EG.
1425 3230 1444 3296 {1
1499 3233 1567 3280 20
1603 3226 1767 3296 gaius
1789 3225 1992 3281 ,iullus
2015 3270 2024 3280 .
2046 3225 2376 3280 masinissae

356 3301 494 3367 (sine
531 3301 757 3368 punctis
784 3299 845 3352 E
853 3298 925 3366 G)
962 3315 1003 3352 ω
1036 3301 1075 3352 i.
1104 3315 1148 3352 e.
1176 3297 1506 3353 Masinthae-
1533 3299 1650 3368 (qui
1690 3297 1938 3366 Caesaris
1979 3296 2376 3367 stipendiarius

358 3371 429 3422 ab
466 3388 517 3423 a.
548 3372 677 3439 693)
713 3369 879 3424 filius.
952 3371 1003 3424 is
1038 3370 1107 3423 ab
1134 3387 1187 3424 a.
1216 3371 1431 3426 circiter
1468 3373 1593 3437 714,
1629 3376 1795 3424 natus
1834 3386 1906 3424 sc.
1945 3385 2120 3424 annos
2155 3380 2251 3428 xx,
2279 3369 2384 3422 illa

358 3438 595 3506 hospitio
634 3443 877 3510 potuerit
921 3456 1055 3498 usus
1090 3456 1196 3494 esse
1233 3440 1398 3509 (Suet.
1441 3441 1589 3496 Caes.
1622 3445 1708 3509 ¹71,
1743 3441 1811 3507 ef.
1843 3440 1953 3508 18).
2010 3440 2029 3508 ΙΙ
2083 3444 2147 3492 21
2186 3439 2378 3508 patres

359 3505 452 3575 (H
481 3517 531 3562 et
566 3528 616 3564 a.
655 3527 697 3564 e.
733 3511 800 3579 G,
836 3513 996 3580 patre
1026 3510 1188 3581 EGC)
1226 3515 1378 3582 cae(e
1411 3513 1609 3581 G)sare
1643 3529 1698 3567 ω.
