2664 3927
753 150 849 204 DE
888 148 1451 205 ARCHITECTURA
1487 150 1623 205 ms.
1660 150 1731 220 Π,
1760 156 1843 206 ιο.
1880 152 1960 205 ιιι
2278 153 2359 216 61

245 312 320 368 62
348 300 480 361 ideo
521 294 530 382 Ι
569 301 910 376 infernateS,
956 300 1117 377 quod
1161 320 1231 360 ex
1267 301 1486 376 apricis
1522 302 1668 361 locis
1706 301 2115 378 adportantur,
2160 303 2364 362 melio-

347 410 440 450 res
479 392 617 449 sunt
655 409 835 466 quam
872 408 1024 466 quae
1061 389 1135 448 ab
1174 391 1376 466 opacis
1413 390 1486 449 de
1523 391 1938 466 supernatibus
1974 392 2363 452 advehuntur.

447 478 783 580 Quantum
827 480 1026 538 animo
1068 478 1435 538 considerare
1471 481 1659 556 potui,
1704 479 1778 538 de
1816 480 1999 556 copiis
2037 500 2189 557 quae
2226 484 2365 541 sunt
2402 496 2433 544 3

345 568 710 627 necessariae
754 567 820 626 in
856 566 1255 627 aedificiorum
1291 568 1831 670 comparationibus
1871 572 1931 627 et
1967 570 2178 645 quibus
2215 574 2362 629 tem-

292 678 318 719 ⁶
351 649 360 739 Ι
391 659 687 734 peraturis
744 676 775 715 e
819 676 1018 715 rerum
1060 659 1275 715 natura
1319 657 1747 758 principiorum
1790 657 2007 717 habere
2051 658 2365 718 videantur

346 746 694 805 mixtionem
750 764 1019 821 quaeque
1071 744 1276 804 insunt
1326 746 1392 804 in
1444 746 1694 824 singulis
1748 747 2059 824 generibus
2112 748 2363 807 virtutes

347 838 409 894 et
452 835 629 910 vitia,
683 834 777 893 uti
828 852 948 893 non
1001 832 1122 892 sint
1172 833 1381 911 ignota
1434 835 1880 895 aedificantibus
1928 836 2184 912 exposui.
2275 837 2363 896 ita

348 923 454 1000 qui
515 924 820 1000 potuerint
884 941 1086 981 eorum
1147 926 1598 999 praeceptorum
1649 926 1819 1001 sequi
1860 924 2363 1001 praescriptiones

351 1015 524 1072 erunt
577 1011 1012 1088 prudentioreS,
1067 1010 1551 1089 singulorumque
1605 1032 1888 1090 generum
1930 1032 2103 1073 usum
2150 1014 2364 1091 eligere

266 1124 322 1163 10
349 1103 631 1178 poterunt
681 1100 746 1159 in
785 1096 795 1180 Ι
836 1099 1127 1177 operibus
1219 1118 1359 1178 ergo
1416 1101 1697 1176 quoniam
1751 1102 1822 1179 de
1876 1103 2365 1179 apparationibus

351 1193 442 1249 est
495 1189 878 1266 explicatum,
931 1190 996 1248 in
1049 1189 1258 1249 ceteris
1303 1189 1702 1249 voluminibus
1757 1191 1829 1249 de
1880 1190 2027 1267 ipsis
2084 1191 2364 1251 aedificiis

349 1282 698 1355 exponetur,
766 1282 826 1338 et
886 1279 1145 1355 primum
1208 1278 1279 1336 de
1343 1277 1591 1337 deorum
1650 1278 2061 1338 inmortalium
2122 1280 2365 1340 aedibus

350 1367 531 1427 sacris
578 1371 639 1427 et
673 1368 744 1427 de
791 1387 995 1427 earum
1039 1366 1401 1443 symmetriis
1449 1370 1509 1425 et
1552 1366 2048 1443 proportionibus,
2095 1368 2187 1427 uti
2223 1369 2364 1428 ordo

347 1458 630 1533 postulat,
673 1456 1012 1533 insequenti
1053 1454 1431 1533 perscribam.
1472 1450 1481 1533 Ι

1142 1700 1567 1711 ---ιι-

268 1938 320 1980 15
1003 1910 1266 1977 LIBER
1311 1909 1702 1979 TERTIUS.

482 2078 804 2154 Delphicus
866 2077 1085 2154 Apollo
1149 2077 1456 2138 Socratem
1530 2080 1793 2138 omnium
1864 2078 2367 2155 sapientissimum
2406 2096 2433 2144 1

352 2166 608 2243 Pythiae
652 2167 948 2244 responsis
994 2169 1085 2226 est
1118 2168 1436 2242 professus.
1507 2168 1559 2227 is
1596 2171 1797 2227 autem
1832 2171 2194 2229 memoratur
2229 2189 2365 2244 pru-

351 2255 560 2315 denter
605 2255 1056 2332 doctissimeque
1103 2255 1346 2332 dixisse,
1401 2257 1731 2333 oportuisse
1775 2257 2081 2316 hominum
2124 2261 2366 2334 pectora

350 2346 679 2404 fenestrata
723 2348 785 2404 et
828 2348 1036 2420 aperta
1074 2363 1217 2420 esse,
1261 2345 1355 2404 uti
1388 2364 1509 2404 non
1545 2346 1805 2406 occultos
1838 2344 2127 2405 haberent
2162 2365 2366 2406 sensus

269 2455 325 2495 20
353 2433 456 2494 sed
483 2436 757 2510 patentes
790 2425 798 2515 Ι
829 2433 907 2492 ad
934 2432 1440 2500 considerandum.
1502 2434 1734 2492 utinam
1760 2454 1900 2494 vero
1927 2455 2125 2494 rerum
2150 2438 2365 2494 natura

353 2524 710 2584 sententiam
765 2523 889 2582 eius
945 2525 1144 2581 secuta
1191 2522 1487 2598 explicata
1532 2525 1594 2582 et
1636 2523 1989 2599 apparentia
2036 2543 2105 2583 ea
2152 2524 2365 2584 consfi-

351 2612 580 2672 tuisset.
672 2613 724 2672 si
778 2611 937 2670 enim
988 2611 1076 2669 ita
1120 2611 1359 2686 fuisset,
1413 2630 1532 2670 non
1579 2612 1774 2671 solum
1816 2612 2020 2672 laudes
2068 2616 2174 2671 aut
2216 2614 2367 2673 vitia

351 2702 682 2763 animorum
719 2701 796 2758 ad
831 2718 1072 2759 manum
1108 2701 1527 2776 aspicerentur,
1564 2701 1667 2759 sed
1703 2701 1884 2759 etiam
1919 2701 2368 2777 disciplinarum

353 2789 634 2850 scientiae
671 2789 779 2850 sub
809 2789 1113 2848 oculorum
1145 2788 1612 2849 consideratione
1641 2789 1937 2849 subiectae
1972 2809 2092 2850 non
2126 2789 2365 2850 incertis

274 2899 326 2939 25
353 2878 587 2938 iudiciis
623 2878 1032 2955 probarentur,
1077 2876 1181 2935 sed
1219 2871 1229 2955 Ι
1271 2881 1331 2936 et
1366 2877 1554 2937 doctis
1594 2880 1654 2936 et
1689 2878 2005 2938 scientibus
2044 2879 2367 2938 auctoritas

245 2977 325 3033 68
355 2967 592 3046 egregia
647 2971 708 3026 et
761 2965 992 3026 stabilis
1048 2958 1398 3048 addereltur.
1485 2966 1672 3044 igitur
1718 2967 1998 3043 qnoniam
2049 2968 2194 3026 haec
2248 2986 2368 3027 non

353 3057 441 3115 ita
487 3057 590 3116 sed
635 3057 727 3115 uti
771 3059 986 3115 natura
1030 3074 1231 3114 rerum
1273 3055 1467 3114 voluit
1510 3058 1650 3114 sunt
1695 3056 2034 3131 constituta,
2079 3076 2198 3116 non
2245 3055 2366 3114 effi-

355 3145 510 3205 citur
551 3148 623 3204 ut
665 3145 897 3222 possint
930 3144 1197 3204 homines
1236 3143 1561 3204 obscuratis
1599 3142 1705 3204 sub
1742 3144 2076 3221 pectoribus
2112 3145 2365 3223 ingeniis

461 3391 468 3396 ⁹
496 3409 528 3456 2
567 3402 641 3456 ad
663 3402 672 3476 Ι
695 3403 974 3470 ducuntur
1001 3404 1081 3472 H,
1117 3401 1470 3458 advehuntur
1497 3404 1560 3460 S:
1614 3403 1966 3458 adducuntur
1996 3403 2062 3458 G.
2091 3403 2111 3472 ΙΙ
2138 3407 2170 3456 8
2206 3419 2367 3473 prae-

358 3487 638 3580 ceptorem
666 3509 742 3565 H.
771 3513 791 3579 ΙΙ
822 3514 887 3564 10
925 3509 1372 3580 apparitionibus
1408 3529 1464 3567 ω.
1492 3513 1511 3581 ΙΙ
1542 3516 1606 3565 12
1645 3508 1940 3580 exponitur
1973 3526 2029 3566 ω.
