<?xml version="1.0" encoding="UTF-8"?>
<!DOCTYPE html PUBLIC "-//W3C//DTD XHTML 1.0 Transitional//EN"
    "http://www.w3.org/TR/xhtml1/DTD/xhtml1-transitional.dtd">
<html xmlns="http://www.w3.org/1999/xhtml" xml:lang="en" lang="en">
 <head>
  <title>
</title>
<meta http-equiv="Content-Type" content="text/html;charset=utf-8" />
  <meta name='ocr-system' content='tesseract 3.04.00' />
  <meta name='ocr-capabilities' content='ocr_page ocr_carea ocr_par ocr_line ocrx_word'/>
</head>
<body>
  <div class='ocr_page' id='page_1' title='image "./vitruviidearchi00pollgoog_0087.png"; bbox 0 0 2664 3927; ppageno 0'>
   <div class='ocr_carea' id='block_1_1' title="bbox 763 134 2284 206">
    <p class='ocr_par' dir='ltr' id='par_1_1' title="bbox 763 134 2284 206">
     <span class='ocr_line' id='line_1_1' title="bbox 763 134 2284 206; baseline 0.002 -18"><span class='ocrx_word' id='word_1_1' title='bbox 763 134 861 188; x_wconf 87' lang='lat' dir='ltr'><strong>DE</strong></span> <span class='ocrx_word' id='word_1_2' title='bbox 901 134 1459 190; x_wconf 84' lang='lat' dir='ltr'><strong>ARCHITECTURA</strong></span> <span class='ocrx_word' id='word_1_3' title='bbox 1494 135 1627 191; x_wconf 90' lang='lat' dir='ltr'><strong>LIB.</strong></span> <span class='ocrx_word' id='word_1_4' title='bbox 1666 136 1734 206; x_wconf 82' lang='grc' dir='ltr'><strong>ΙΙ,</strong></span> <span class='ocrx_word' id='word_1_5' title='bbox 1772 142 1804 190; x_wconf 92' lang='lat'>8</span> <span class='ocrx_word' id='word_1_6' title='bbox 2202 137 2284 201; x_wconf 84' lang='lat'><strong>51</strong></span> 
     </span>
    </p>
   </div>
   <div class='ocr_carea' id='block_1_2' title="bbox 162 278 2394 2673">
    <p class='ocr_par' dir='ltr' id='par_1_2' title="bbox 170 278 2296 629">
     <span class='ocr_line' id='line_1_2' title="bbox 170 278 2296 364; baseline 0 -18"><span class='ocrx_word' id='word_1_7' title='bbox 170 296 260 348; x_wconf 83' lang='lat'><strong>(2⁰)</strong></span> <span class='ocrx_word' id='word_1_8' title='bbox 278 283 534 362; x_wconf 84' lang='lat' dir='ltr'><strong>migibus</strong></span> <span class='ocrx_word' id='word_1_9' title='bbox 575 278 583 364; x_wconf 91' lang='grc' dir='ltr'>Ι</span> <span class='ocrx_word' id='word_1_10' title='bbox 622 284 899 362; x_wconf 76' lang='lat' dir='ltr'><strong>inpositis</strong></span> <span class='ocrx_word' id='word_1_11' title='bbox 951 285 1226 345; x_wconf 85' lang='lat' dir='ltr'><strong>Rhodum</strong></span> <span class='ocrx_word' id='word_1_12' title='bbox 1289 289 1380 346; x_wconf 88' lang='lat' dir='ltr'><strong>est</strong></span> <span class='ocrx_word' id='word_1_13' title='bbox 1440 288 1724 363; x_wconf 88' lang='lat' dir='ltr'><strong>profecta.</strong></span> <span class='ocrx_word' id='word_1_14' title='bbox 1821 286 2038 346; x_wconf 88' lang='lat' dir='ltr'><strong>Rhodii</strong></span> <span class='ocrx_word' id='word_1_15' title='bbox 2096 291 2296 347; x_wconf 87' lang='lat' dir='ltr'><strong>autem</strong></span> 
     </span>
     <span class='ocr_line' id='line_1_3' title="bbox 279 375 2293 452; baseline 0.002 -20"><span class='ocrx_word' id='word_1_16' title='bbox 279 393 412 433; x_wconf 89' lang='lat' dir='ltr'><strong>cum</strong></span> <span class='ocrx_word' id='word_1_17' title='bbox 456 375 896 451; x_wconf 73' lang='lat' dir='ltr'><strong>prospexissent</strong></span> <span class='ocrx_word' id='word_1_18' title='bbox 939 393 1076 434; x_wconf 89' lang='lat' dir='ltr'><strong>suas</strong></span> <span class='ocrx_word' id='word_1_19' title='bbox 1121 394 1300 436; x_wconf 84' lang='lat' dir='ltr'><strong>naves</strong></span> <span class='ocrx_word' id='word_1_20' title='bbox 1357 376 1656 434; x_wconf 83' lang='lat' dir='ltr'><strong>laureatas</strong></span> <span class='ocrx_word' id='word_1_21' title='bbox 1702 375 1927 451; x_wconf 81' lang='lat' dir='ltr'><strong>venire,</strong></span> <span class='ocrx_word' id='word_1_22' title='bbox 1982 376 2293 452; x_wconf 75' lang='lat' dir='ltr'><strong>opinantes</strong></span> 
     </span>
     <span class='ocr_line' id='line_1_4' title="bbox 278 463 2294 542; baseline 0.001 -20"><span class='ocrx_word' id='word_1_23' title='bbox 278 463 433 522; x_wconf 84' lang='lat' dir='ltr'><strong>cives</strong></span> <span class='ocrx_word' id='word_1_24' title='bbox 489 463 742 524; x_wconf 86' lang='lat' dir='ltr'><strong>victores</strong></span> <span class='ocrx_word' id='word_1_25' title='bbox 795 463 1016 523; x_wconf 85' lang='lat' dir='ltr'><strong>reverti</strong></span> <span class='ocrx_word' id='word_1_26' title='bbox 1075 463 1274 524; x_wconf 90' lang='lat' dir='ltr'><strong>hostes</strong></span> <span class='ocrx_word' id='word_1_27' title='bbox 1303 467 1691 542; x_wconf 68' lang='lat' dir='ltr'><strong>receperunt.</strong></span> <span class='ocrx_word' id='word_1_28' title='bbox 1789 468 1919 524; x_wconf 91' lang='lat' dir='ltr'><strong>tum</strong></span> <span class='ocrx_word' id='word_1_29' title='bbox 1970 465 2294 525; x_wconf 88' lang='lat' dir='ltr'><strong>Artemisia</strong></span> 
     </span>
     <span class='ocr_line' id='line_1_5' title="bbox 275 551 2291 629; baseline 0.002 -19"><span class='ocrx_word' id='word_1_30' title='bbox 275 552 482 612; x_wconf 82' lang='lat' dir='ltr'><strong>Rhodo</strong></span> <span class='ocrx_word' id='word_1_31' title='bbox 529 554 706 628; x_wconf 81' lang='lat' dir='ltr'><strong>capta</strong></span> <span class='ocrx_word' id='word_1_32' title='bbox 751 551 1118 629; x_wconf 86' lang='lat' dir='ltr'><strong>principibus</strong></span> <span class='ocrx_word' id='word_1_33' title='bbox 1166 553 1371 612; x_wconf 88' lang='lat' dir='ltr'><strong>occisis</strong></span> <span class='ocrx_word' id='word_1_34' title='bbox 1428 556 1739 629; x_wconf 89' lang='lat' dir='ltr'><strong>tropaeum</strong></span> <span class='ocrx_word' id='word_1_35' title='bbox 1786 553 1852 611; x_wconf 92' lang='lat' dir='ltr'><strong>in</strong></span> <span class='ocrx_word' id='word_1_36' title='bbox 1894 553 2037 612; x_wconf 88' lang='lat' dir='ltr'><strong>urbe</strong></span> <span class='ocrx_word' id='word_1_37' title='bbox 2083 554 2291 615; x_wconf 89' lang='lat' dir='ltr'><strong>Rhodo</strong></span> 
     </span>
    </p>

    <p class='ocr_par' dir='ltr' id='par_1_3' title="bbox 221 641 2295 719">
     <span class='ocr_line' id='line_1_6' title="bbox 221 641 2295 719; baseline 0.001 -19"><span class='ocrx_word' id='word_1_38' title='bbox 221 659 248 700; x_wconf 81' lang='lat'><strong>5</strong></span> <span class='ocrx_word' id='word_1_39' title='bbox 275 658 416 700; x_wconf 89' lang='lat' dir='ltr'><strong>suae</strong></span> <span class='ocrx_word' id='word_1_40' title='bbox 452 641 737 700; x_wconf 83' lang='lat' dir='ltr'><strong>victoriae</strong></span> <span class='ocrx_word' id='word_1_41' title='bbox 775 641 1085 700; x_wconf 90' lang='lat' dir='ltr'><strong>constituit</strong></span> <span class='ocrx_word' id='word_1_42' title='bbox 1121 660 1449 719; x_wconf 84' lang='lat' dir='ltr'><strong>aeneasque</strong></span> <span class='ocrx_word' id='word_1_43' title='bbox 1487 643 1633 702; x_wconf 90' lang='lat' dir='ltr'><strong>duas</strong></span> <span class='ocrx_word' id='word_1_44' title='bbox 1670 645 1900 702; x_wconf 84' lang='lat' dir='ltr'><strong>statuas</strong></span> <span class='ocrx_word' id='word_1_45' title='bbox 1936 643 2080 702; x_wconf 91' lang='lat' dir='ltr'><strong>fecit</strong></span> <span class='ocrx_word' id='word_1_46' title='bbox 2113 662 2295 702; x_wconf 90' lang='lat' dir='ltr'><strong>unam</strong></span> 
     </span>
    </p>

    <p class='ocr_par' dir='ltr' id='par_1_4' title="bbox 167 729 2292 809">
     <span class='ocr_line' id='line_1_7' title="bbox 167 729 2292 809; baseline -0 -19"><span class='ocrx_word' id='word_1_47' title='bbox 167 737 256 790; x_wconf 75' lang='lat'>(25)</span> <span class='ocrx_word' id='word_1_48' title='bbox 273 729 638 789; x_wconf 86' lang='lat' dir='ltr'><strong>Rhodiorum</strong></span> <span class='ocrx_word' id='word_1_49' title='bbox 674 730 855 788; x_wconf 85' lang='lat' dir='ltr'><strong>civita</strong></span> <span class='ocrx_word' id='word_1_50' title='bbox 874 729 953 789; x_wconf 90' lang='lat' dir='ltr'><strong>tis</strong></span> <span class='ocrx_word' id='word_1_51' title='bbox 991 730 1241 788; x_wconf 87' lang='lat' dir='ltr'><strong>alteram</strong></span> <span class='ocrx_word' id='word_1_52' title='bbox 1285 749 1426 790; x_wconf 89' lang='lat' dir='ltr'><strong>suae</strong></span> <span class='ocrx_word' id='word_1_53' title='bbox 1471 732 1765 808; x_wconf 78' lang='lat' dir='ltr'><strong>imaginis,</strong></span> <span class='ocrx_word' id='word_1_54' title='bbox 1839 750 1971 791; x_wconf 90' lang='lat' dir='ltr'><strong>eam</strong></span> <span class='ocrx_word' id='word_1_55' title='bbox 2014 732 2103 790; x_wconf 88' lang='lat' dir='ltr'><strong>ita</strong></span> <span class='ocrx_word' id='word_1_56' title='bbox 2146 732 2292 809; x_wconf 86' lang='lat' dir='ltr'><strong>figu-</strong></span> 
     </span>
    </p>

    <p class='ocr_par' dir='ltr' id='par_1_5' title="bbox 169 818 2293 1071">
     <span class='ocr_line' id='line_1_8' title="bbox 169 818 2293 896; baseline -0.001 -16"><span class='ocrx_word' id='word_1_57' title='bbox 169 825 246 880; x_wconf 80' lang='lat'><strong>52</strong></span> <span class='ocrx_word' id='word_1_58' title='bbox 275 819 435 878; x_wconf 83' lang='lat' dir='ltr'><strong>ravit</strong></span> <span class='ocrx_word' id='word_1_59' title='bbox 460 818 825 878; x_wconf 87' lang='lat' dir='ltr'><strong>Rhodiorum</strong></span> <span class='ocrx_word' id='word_1_60' title='bbox 899 818 1131 878; x_wconf 83' lang='lat' dir='ltr'><strong>civitati</strong></span> <span class='ocrx_word' id='word_1_61' title='bbox 1159 819 1443 896; x_wconf 85' lang='lat' dir='ltr'><strong>stigmata</strong></span> <span class='ocrx_word' id='word_1_62' title='bbox 1470 820 1868 896; x_wconf 84' lang='lat' dir='ltr'><strong>inponentem.</strong></span> <span class='ocrx_word' id='word_1_63' title='bbox 1933 821 2065 880; x_wconf 91' lang='lat' dir='ltr'><strong>ideo</strong></span> <span class='ocrx_word' id='word_1_64' title='bbox 2093 823 2293 880; x_wconf 89' lang='lat' dir='ltr'><strong>autem</strong></span> 
     </span>
     <span class='ocr_line' id='line_1_9' title="bbox 273 907 2292 990; baseline 0.001 -24"><span class='ocrx_word' id='word_1_65' title='bbox 273 911 483 982; x_wconf 89' lang='lat' dir='ltr'><strong>postea</strong></span> <span class='ocrx_word' id='word_1_66' title='bbox 535 907 752 968; x_wconf 89' lang='lat' dir='ltr'><strong>Rhodii</strong></span> <span class='ocrx_word' id='word_1_67' title='bbox 804 907 1100 990; x_wconf 69' lang='lat' dir='ltr'><strong>religione⁸</strong></span> <span class='ocrx_word' id='word_1_68' title='bbox 1145 908 1397 983; x_wconf 90' lang='lat' dir='ltr'><strong>inpediti</strong></span> <span class='ocrx_word' id='word_1_69' title='bbox 1453 910 1611 984; x_wconf 92' lang='lat' dir='ltr'><strong>quod</strong></span> <span class='ocrx_word' id='word_1_70' title='bbox 1669 910 1837 968; x_wconf 89' lang='lat' dir='ltr'><strong>nefas</strong></span> <span class='ocrx_word' id='word_1_71' title='bbox 1894 913 1983 969; x_wconf 88' lang='lat' dir='ltr'><strong>est</strong></span> <span class='ocrx_word' id='word_1_72' title='bbox 2045 912 2292 985; x_wconf 86' lang='lat' dir='ltr'><strong>tropaea</strong></span> 
     </span>
     <span class='ocr_line' id='line_1_10' title="bbox 274 996 2293 1071; baseline 0.001 -16"><span class='ocrx_word' id='word_1_73' title='bbox 274 996 550 1055; x_wconf 85' lang='lat' dir='ltr'><strong>dedicata</strong></span> <span class='ocrx_word' id='word_1_74' title='bbox 593 996 909 1071; x_wconf 84' lang='lat' dir='ltr'><strong>removeri,</strong></span> <span class='ocrx_word' id='word_1_75' title='bbox 955 997 1111 1056; x_wconf 90' lang='lat' dir='ltr'><strong>circa</strong></span> <span class='ocrx_word' id='word_1_76' title='bbox 1157 1015 1292 1054; x_wconf 88' lang='lat' dir='ltr'><strong>eum</strong></span> <span class='ocrx_word' id='word_1_77' title='bbox 1337 997 1532 1056; x_wconf 90' lang='lat' dir='ltr'><strong>locum</strong></span> <span class='ocrx_word' id='word_1_78' title='bbox 1578 997 1911 1058; x_wconf 84' lang='lat' dir='ltr'><strong>aedificium</strong></span> <span class='ocrx_word' id='word_1_79' title='bbox 1955 1001 2293 1057; x_wconf 83' lang='lat' dir='ltr'><strong>struxerunt</strong></span> 
     </span>
    </p>

    <p class='ocr_par' dir='ltr' id='par_1_6' title="bbox 193 1082 2292 1163">
     <span class='ocr_line' id='line_1_11' title="bbox 193 1082 2292 1163; baseline 0.001 -20"><span class='ocrx_word' id='word_1_80' title='bbox 193 1103 246 1143; x_wconf 84' lang='grc' dir='ltr'><strong>ιο</strong></span> <span class='ocrx_word' id='word_1_81' title='bbox 275 1088 336 1144; x_wconf 89' lang='lat' dir='ltr'><strong>et</strong></span> <span class='ocrx_word' id='word_1_82' title='bbox 371 1086 460 1142; x_wconf 86' lang='lat' dir='ltr'><strong>ita</strong></span> <span class='ocrx_word' id='word_1_83' title='bbox 497 1087 692 1143; x_wconf 89' lang='lat' dir='ltr'><strong>erecta</strong></span> <span class='ocrx_word' id='word_1_84' title='bbox 721 1082 902 1143; x_wconf 82' lang='lat' dir='ltr'><strong>Graia</strong></span> <span class='ocrx_word' id='word_1_85' title='bbox 939 1086 1195 1144; x_wconf 83' lang='lat' dir='ltr'><strong>statione</strong></span> <span class='ocrx_word' id='word_1_86' title='bbox 1230 1088 1506 1144; x_wconf 84' lang='lat' dir='ltr'><strong>texerunt</strong></span> <span class='ocrx_word' id='word_1_87' title='bbox 1541 1105 1615 1144; x_wconf 90' lang='lat' dir='ltr'><strong>ne</strong></span> <span class='ocrx_word' id='word_1_88' title='bbox 1652 1088 1754 1162; x_wconf 85' lang='lat' dir='ltr'><strong>qui</strong></span> <span class='ocrx_word' id='word_1_89' title='bbox 1784 1090 1986 1163; x_wconf 89' lang='lat' dir='ltr'><strong>posset</strong></span> <span class='ocrx_word' id='word_1_90' title='bbox 2014 1088 2292 1163; x_wconf 83' lang='lat' dir='ltr'><strong>aspicere,</strong></span> 
     </span>
    </p>

    <p class='ocr_par' dir='ltr' id='par_1_7' title="bbox 193 1164 1406 1255">
     <span class='ocr_line' id='line_1_12' title="bbox 193 1164 1406 1255; baseline -0.002 -21"><span class='ocrx_word' id='word_1_91' title='bbox 193 1183 255 1234; x_wconf 84' lang='lat'><strong>(5)</strong></span> <span class='ocrx_word' id='word_1_92' title='bbox 276 1176 338 1232; x_wconf 91' lang='lat' dir='ltr'><strong>et</strong></span> <span class='ocrx_word' id='word_1_93' title='bbox 382 1172 445 1231; x_wconf 87' lang='lat' dir='ltr'><strong>id</strong></span> <span class='ocrx_word' id='word_1_94' title='bbox 492 1173 731 1248; x_wconf 88' lang='grc' dir='ltr'><strong>αβατον</strong></span> <span class='ocrx_word' id='word_1_95' title='bbox 775 1164 1046 1255; x_wconf 68' lang='lat' dir='ltr'><strong>vociltari</strong></span> <span class='ocrx_word' id='word_1_96' title='bbox 1090 1175 1406 1234; x_wconf 87' lang='lat' dir='ltr'><strong>iusserunt.</strong></span> 
     </span>
    </p>

    <p class='ocr_par' dir='ltr' id='par_1_8' title="bbox 271 1259 2394 1516">
     <span class='ocr_line' id='line_1_13' title="bbox 407 1259 2394 1341; baseline 0.006 -22"><span class='ocrx_word' id='word_1_97' title='bbox 407 1259 556 1320; x_wconf 87' lang='lat' dir='ltr'><strong>Cum</strong></span> <span class='ocrx_word' id='word_1_98' title='bbox 592 1279 730 1340; x_wconf 85' lang='lat' dir='ltr'><strong>ergo</strong></span> <span class='ocrx_word' id='word_1_99' title='bbox 768 1265 894 1321; x_wconf 88' lang='lat' dir='ltr'><strong>tam</strong></span> <span class='ocrx_word' id='word_1_100' title='bbox 929 1281 1148 1340; x_wconf 85' lang='lat' dir='ltr'><strong>magna</strong></span> <span class='ocrx_word' id='word_1_101' title='bbox 1182 1264 1454 1339; x_wconf 87' lang='lat' dir='ltr'><strong>potentia</strong></span> <span class='ocrx_word' id='word_1_102' title='bbox 1489 1281 1657 1340; x_wconf 85' lang='lat' dir='ltr'><strong>reges</strong></span> <span class='ocrx_word' id='word_1_103' title='bbox 1685 1282 1805 1322; x_wconf 94' lang='lat' dir='ltr'><strong>non</strong></span> <span class='ocrx_word' id='word_1_104' title='bbox 1832 1265 2292 1341; x_wconf 77' lang='lat' dir='ltr'><strong>contempserint</strong></span> <span class='ocrx_word' id='word_1_105' title='bbox 2329 1281 2394 1329; x_wconf 82' lang='grc'>16</span> 
     </span>
     <span class='ocr_line' id='line_1_14' title="bbox 272 1350 2293 1429; baseline 0.002 -21"><span class='ocrx_word' id='word_1_106' title='bbox 272 1350 675 1410; x_wconf 81' lang='lat' dir='ltr'><strong>latericiorum</strong></span> <span class='ocrx_word' id='word_1_107' title='bbox 717 1352 1015 1427; x_wconf 88' lang='lat' dir='ltr'><strong>parietum</strong></span> <span class='ocrx_word' id='word_1_108' title='bbox 1060 1355 1405 1427; x_wconf 85' lang='lat' dir='ltr'><strong>structuras,</strong></span> <span class='ocrx_word' id='word_1_109' title='bbox 1452 1352 1663 1428; x_wconf 89' lang='lat' dir='ltr'><strong>quibus</strong></span> <span class='ocrx_word' id='word_1_110' title='bbox 1709 1354 1771 1411; x_wconf 91' lang='lat' dir='ltr'><strong>et</strong></span> <span class='ocrx_word' id='word_1_111' title='bbox 1805 1353 2193 1429; x_wconf 84' lang='lat' dir='ltr'><strong>vectigalibus</strong></span> <span class='ocrx_word' id='word_1_112' title='bbox 2230 1358 2293 1413; x_wconf 91' lang='lat' dir='ltr'><strong>et</strong></span> 
     </span>
     <span class='ocr_line' id='line_1_15' title="bbox 271 1438 2293 1516; baseline 0.002 -19"><span class='ocrx_word' id='word_1_113' title='bbox 271 1438 494 1515; x_wconf 87' lang='lat' dir='ltr'><strong>praeda</strong></span> <span class='ocrx_word' id='word_1_114' title='bbox 548 1440 769 1516; x_wconf 87' lang='lat' dir='ltr'><strong>saeptis</strong></span> <span class='ocrx_word' id='word_1_115' title='bbox 823 1441 1056 1500; x_wconf 91' lang='lat' dir='ltr'><strong>licitum</strong></span> <span class='ocrx_word' id='word_1_116' title='bbox 1110 1442 1307 1499; x_wconf 84' lang='lat' dir='ltr'><strong>fuerat</strong></span> <span class='ocrx_word' id='word_1_117' title='bbox 1360 1459 1480 1499; x_wconf 91' lang='lat' dir='ltr'><strong>non</strong></span> <span class='ocrx_word' id='word_1_118' title='bbox 1532 1442 1708 1499; x_wconf 93' lang='lat' dir='ltr'><strong>modo</strong></span> <span class='ocrx_word' id='word_1_119' title='bbox 1755 1442 2135 1500; x_wconf 86' lang='lat' dir='ltr'><strong>caementicio</strong></span> <span class='ocrx_word' id='word_1_120' title='bbox 2188 1445 2293 1501; x_wconf 88' lang='lat' dir='ltr'><strong>aut</strong></span> 
     </span>
    </p>

    <p class='ocr_par' dir='ltr' id='par_1_9' title="bbox 191 1528 2292 1606">
     <span class='ocr_line' id='line_1_16' title="bbox 191 1528 2292 1606; baseline 0.001 -20"><span class='ocrx_word' id='word_1_121' title='bbox 191 1545 246 1586; x_wconf 87' lang='lat'><strong>15</strong></span> <span class='ocrx_word' id='word_1_122' title='bbox 274 1528 564 1604; x_wconf 87' lang='lat' dir='ltr'><strong>quadrato</strong></span> <span class='ocrx_word' id='word_1_123' title='bbox 601 1547 742 1588; x_wconf 82' lang='lat' dir='ltr'><strong>saxo</strong></span> <span class='ocrx_word' id='word_1_124' title='bbox 780 1529 882 1589; x_wconf 87' lang='lat' dir='ltr'><strong>sed</strong></span> <span class='ocrx_word' id='word_1_125' title='bbox 919 1530 1102 1588; x_wconf 87' lang='lat' dir='ltr'><strong>etiam</strong></span> <span class='ocrx_word' id='word_1_126' title='bbox 1136 1549 1468 1590; x_wconf 87' lang='lat' dir='ltr'><strong>marmoreo</strong></span> <span class='ocrx_word' id='word_1_127' title='bbox 1502 1529 1739 1604; x_wconf 89' lang='lat' dir='ltr'><strong>habere,</strong></span> <span class='ocrx_word' id='word_1_128' title='bbox 1784 1548 1902 1589; x_wconf 88' lang='lat' dir='ltr'><strong>non</strong></span> <span class='ocrx_word' id='word_1_129' title='bbox 1938 1533 2083 1605; x_wconf 90' lang='lat' dir='ltr'><strong>puto</strong></span> <span class='ocrx_word' id='word_1_130' title='bbox 2120 1549 2292 1606; x_wconf 92' lang='lat' dir='ltr'><strong>opor-</strong></span> 
     </span>
    </p>

    <p class='ocr_par' dir='ltr' id='par_1_10' title="bbox 164 1612 2290 1963">
     <span class='ocr_line' id='line_1_17' title="bbox 164 1612 2288 1697; baseline 0.001 -21"><span class='ocrx_word' id='word_1_131' title='bbox 164 1625 250 1678; x_wconf 89' lang='lat'><strong>(10)</strong></span> <span class='ocrx_word' id='word_1_132' title='bbox 271 1620 396 1676; x_wconf 90' lang='lat' dir='ltr'><strong>tere</strong></span> <span class='ocrx_word' id='word_1_133' title='bbox 437 1612 446 1697; x_wconf 86' lang='grc'>1</span> <span class='ocrx_word' id='word_1_134' title='bbox 486 1617 788 1693; x_wconf 84' lang='lat' dir='ltr'><strong>inprobari</strong></span> <span class='ocrx_word' id='word_1_135' title='bbox 834 1637 988 1694; x_wconf 84' lang='lat' dir='ltr'><strong>quae</strong></span> <span class='ocrx_word' id='word_1_136' title='bbox 1034 1621 1172 1678; x_wconf 90' lang='lat' dir='ltr'><strong>sunt</strong></span> <span class='ocrx_word' id='word_1_137' title='bbox 1217 1637 1249 1677; x_wconf 93' lang='lat' dir='ltr'><strong>e</strong></span> <span class='ocrx_word' id='word_1_138' title='bbox 1294 1619 1565 1678; x_wconf 85' lang='lat' dir='ltr'><strong>latericia</strong></span> <span class='ocrx_word' id='word_1_139' title='bbox 1600 1621 1898 1678; x_wconf 88' lang='lat' dir='ltr'><strong>structura</strong></span> <span class='ocrx_word' id='word_1_140' title='bbox 1932 1619 2095 1677; x_wconf 90' lang='lat' dir='ltr'><strong>facta</strong></span> <span class='ocrx_word' id='word_1_141' title='bbox 2132 1619 2288 1678; x_wconf 84' lang='lat' dir='ltr'><strong>aedi-</strong></span> 
     </span>
     <span class='ocr_line' id='line_1_18' title="bbox 271 1706 2290 1784; baseline 0.001 -20"><span class='ocrx_word' id='word_1_142' title='bbox 271 1706 432 1781; x_wconf 89' lang='lat' dir='ltr'><strong>ficia,</strong></span> <span class='ocrx_word' id='word_1_143' title='bbox 485 1706 802 1766; x_wconf 90' lang='lat' dir='ltr'><strong>dummodo</strong></span> <span class='ocrx_word' id='word_1_144' title='bbox 856 1709 1014 1766; x_wconf 89' lang='lat' dir='ltr'><strong>recte</strong></span> <span class='ocrx_word' id='word_1_145' title='bbox 1070 1708 1191 1766; x_wconf 89' lang='lat' dir='ltr'><strong>sint</strong></span> <span class='ocrx_word' id='word_1_146' title='bbox 1242 1710 1419 1766; x_wconf 88' lang='lat' dir='ltr'><strong>tecta.</strong></span> <span class='ocrx_word' id='word_1_147' title='bbox 1511 1708 1613 1767; x_wconf 89' lang='lat' dir='ltr'><strong>sed</strong></span> <span class='ocrx_word' id='word_1_148' title='bbox 1666 1707 1729 1766; x_wconf 93' lang='lat' dir='ltr'><strong>id</strong></span> <span class='ocrx_word' id='word_1_149' title='bbox 1783 1727 1967 1784; x_wconf 85' lang='lat' dir='ltr'><strong>genus</strong></span> <span class='ocrx_word' id='word_1_150' title='bbox 2016 1708 2158 1783; x_wconf 93' lang='lat' dir='ltr'><strong>quid</strong></span> <span class='ocrx_word' id='word_1_151' title='bbox 2202 1709 2290 1767; x_wconf 88' lang='lat' dir='ltr'><strong>ita</strong></span> 
     </span>
     <span class='ocr_line' id='line_1_19' title="bbox 271 1794 2287 1873; baseline 0 -18"><span class='ocrx_word' id='word_1_152' title='bbox 271 1794 492 1870; x_wconf 91' lang='lat' dir='ltr'><strong>populo</strong></span> <span class='ocrx_word' id='word_1_153' title='bbox 527 1794 796 1855; x_wconf 86' lang='lat' dir='ltr'><strong>Romano</strong></span> <span class='ocrx_word' id='word_1_154' title='bbox 841 1796 905 1854; x_wconf 92' lang='lat' dir='ltr'><strong>in</strong></span> <span class='ocrx_word' id='word_1_155' title='bbox 949 1795 1092 1855; x_wconf 89' lang='lat' dir='ltr'><strong>urbe</strong></span> <span class='ocrx_word' id='word_1_156' title='bbox 1127 1796 1258 1854; x_wconf 91' lang='lat' dir='ltr'><strong>fieri</strong></span> <span class='ocrx_word' id='word_1_157' title='bbox 1291 1815 1412 1856; x_wconf 92' lang='lat' dir='ltr'><strong>non</strong></span> <span class='ocrx_word' id='word_1_158' title='bbox 1449 1799 1722 1873; x_wconf 89' lang='lat' dir='ltr'><strong>oporteat</strong></span> <span class='ocrx_word' id='word_1_159' title='bbox 1758 1815 2066 1872; x_wconf 86' lang='lat' dir='ltr'><strong>exponam,</strong></span> <span class='ocrx_word' id='word_1_160' title='bbox 2112 1816 2287 1872; x_wconf 91' lang='lat' dir='ltr'><strong>quae·</strong></span> 
     </span>
     <span class='ocr_line' id='line_1_20' title="bbox 275 1883 2287 1963; baseline 0.002 -23"><span class='ocrx_word' id='word_1_161' title='bbox 275 1901 388 1957; x_wconf 90' lang='lat' dir='ltr'><strong>que</strong></span> <span class='ocrx_word' id='word_1_162' title='bbox 444 1883 564 1941; x_wconf 89' lang='lat' dir='ltr'><strong>sint</strong></span> <span class='ocrx_word' id='word_1_163' title='bbox 616 1884 739 1944; x_wconf 92' lang='lat' dir='ltr'><strong>eius</strong></span> <span class='ocrx_word' id='word_1_164' title='bbox 795 1885 884 1942; x_wconf 91' lang='lat' dir='ltr'><strong>rei</strong></span> <span class='ocrx_word' id='word_1_165' title='bbox 938 1903 1150 1944; x_wconf 86' lang='lat' dir='ltr'><strong>causae</strong></span> <span class='ocrx_word' id='word_1_166' title='bbox 1205 1888 1266 1943; x_wconf 94' lang='lat' dir='ltr'><strong>et</strong></span> <span class='ocrx_word' id='word_1_167' title='bbox 1319 1886 1580 1945; x_wconf 89' lang='lat' dir='ltr'><strong>rationes</strong></span> <span class='ocrx_word' id='word_1_168' title='bbox 1636 1904 1755 1945; x_wconf 91' lang='lat' dir='ltr'><strong>non</strong></span> <span class='ocrx_word' id='word_1_169' title='bbox 1798 1887 2287 1963; x_wconf 86' lang='lat' dir='ltr'><strong>praetermittam.</strong></span> 
     </span>
    </p>

    <p class='ocr_par' dir='ltr' id='par_1_11' title="bbox 191 1971 2391 2052">
     <span class='ocr_line' id='line_1_21' title="bbox 191 1971 2391 2052; baseline 0.005 -23"><span class='ocrx_word' id='word_1_170' title='bbox 191 1988 246 2029; x_wconf 77' lang='lat'><strong>20</strong></span> <span class='ocrx_word' id='word_1_171' title='bbox 273 1972 432 2049; x_wconf 87' lang='lat' dir='ltr'><strong>leges</strong></span> <span class='ocrx_word' id='word_1_172' title='bbox 459 1971 730 2048; x_wconf 88' lang='lat' dir='ltr'><strong>publicae</strong></span> <span class='ocrx_word' id='word_1_173' title='bbox 757 1991 877 2033; x_wconf 91' lang='lat' dir='ltr'><strong>non</strong></span> <span class='ocrx_word' id='word_1_174' title='bbox 901 1975 1214 2049; x_wconf 89' lang='lat' dir='ltr'><strong>patiuntur</strong></span> <span class='ocrx_word' id='word_1_175' title='bbox 1238 1976 1491 2035; x_wconf 88' lang='lat' dir='ltr'><strong>maiores</strong></span> <span class='ocrx_word' id='word_1_176' title='bbox 1520 1976 1935 2035; x_wconf 87' lang='lat' dir='ltr'><strong>crassitudines</strong></span> <span class='ocrx_word' id='word_1_177' title='bbox 1966 1994 2145 2052; x_wconf 88' lang='lat' dir='ltr'><strong>quam</strong></span> <span class='ocrx_word' id='word_1_178' title='bbox 2172 1994 2287 2036; x_wconf 87' lang='lat' dir='ltr'><strong>ses·</strong></span> <span class='ocrx_word' id='word_1_179' title='bbox 2328 1992 2391 2040; x_wconf 82' lang='grc'>17</span> 
     </span>
    </p>

    <p class='ocr_par' dir='ltr' id='par_1_12' title="bbox 164 2054 2287 2406">
     <span class='ocr_line' id='line_1_22' title="bbox 164 2054 2283 2145; baseline 0.001 -25"><span class='ocrx_word' id='word_1_180' title='bbox 164 2069 253 2121; x_wconf 82' lang='grc'>(15)</span> <span class='ocrx_word' id='word_1_181' title='bbox 275 2060 618 2136; x_wconf 85' lang='lat' dir='ltr'><strong>quipedales</strong></span> <span class='ocrx_word' id='word_1_182' title='bbox 655 2063 935 2121; x_wconf 86' lang='lat' dir='ltr'><strong>constitui</strong></span> <span class='ocrx_word' id='word_1_183' title='bbox 967 2054 974 2145; x_wconf 79' lang='grc'>1</span> <span class='ocrx_word' id='word_1_184' title='bbox 1007 2063 1136 2122; x_wconf 92' lang='lat' dir='ltr'><strong>loco</strong></span> <span class='ocrx_word' id='word_1_185' title='bbox 1175 2065 1487 2122; x_wconf 90' lang='lat' dir='ltr'><strong>communi.</strong></span> <span class='ocrx_word' id='word_1_186' title='bbox 1561 2066 1739 2123; x_wconf 89' lang='lat' dir='ltr'><strong>ceteri</strong></span> <span class='ocrx_word' id='word_1_187' title='bbox 1775 2068 1976 2123; x_wconf 92' lang='lat' dir='ltr'><strong>autem</strong></span> <span class='ocrx_word' id='word_1_188' title='bbox 2009 2065 2283 2140; x_wconf 88' lang='lat' dir='ltr'><strong>parietes,</strong></span> 
     </span>
     <span class='ocr_line' id='line_1_23' title="bbox 271 2149 2287 2227; baseline 0.002 -20"><span class='ocrx_word' id='word_1_189' title='bbox 271 2168 346 2207; x_wconf 92' lang='lat' dir='ltr'><strong>ne</strong></span> <span class='ocrx_word' id='word_1_190' title='bbox 393 2149 591 2224; x_wconf 84' lang='lat' dir='ltr'><strong>spatia</strong></span> <span class='ocrx_word' id='word_1_191' title='bbox 632 2151 977 2227; x_wconf 83' lang='lat' dir='ltr'><strong>angustiora</strong></span> <span class='ocrx_word' id='word_1_192' title='bbox 1011 2151 1177 2226; x_wconf 86' lang='lat' dir='ltr'><strong>fiant,</strong></span> <span class='ocrx_word' id='word_1_193' title='bbox 1223 2152 1429 2211; x_wconf 87' lang='lat' dir='ltr'><strong>eadem</strong></span> <span class='ocrx_word' id='word_1_194' title='bbox 1466 2153 1854 2212; x_wconf 84' lang='lat' dir='ltr'><strong>crassitudine</strong></span> <span class='ocrx_word' id='word_1_195' title='bbox 1890 2154 2287 2213; x_wconf 89' lang='lat' dir='ltr'><strong>conlocantur.</strong></span> 
     </span>
     <span class='ocr_line' id='line_1_24' title="bbox 271 2238 2286 2318; baseline 0.003 -23"><span class='ocrx_word' id='word_1_196' title='bbox 271 2238 527 2298; x_wconf 90' lang='lat' dir='ltr'><strong>latericii</strong></span> <span class='ocrx_word' id='word_1_197' title='bbox 571 2257 710 2297; x_wconf 84' lang='lat' dir='ltr'><strong>vero</strong></span> <span class='ocrx_word' id='word_1_198' title='bbox 756 2240 872 2299; x_wconf 89' lang='lat' dir='ltr'><strong>nisi</strong></span> <span class='ocrx_word' id='word_1_199' title='bbox 917 2240 1221 2316; x_wconf 87' lang='lat' dir='ltr'><strong>diplinthii</strong></span> <span class='ocrx_word' id='word_1_200' title='bbox 1267 2244 1373 2299; x_wconf 89' lang='lat' dir='ltr'><strong>aut</strong></span> <span class='ocrx_word' id='word_1_201' title='bbox 1416 2242 1739 2318; x_wconf 91' lang='lat' dir='ltr'><strong>triplinthii</strong></span> <span class='ocrx_word' id='word_1_202' title='bbox 1782 2243 2021 2317; x_wconf 79' lang='lat' dir='ltr'><strong>fuerint,</strong></span> <span class='ocrx_word' id='word_1_203' title='bbox 2066 2242 2286 2318; x_wconf 88' lang='lat' dir='ltr'><strong>sesqui-</strong></span> 
     </span>
     <span class='ocr_line' id='line_1_25' title="bbox 270 2327 2287 2406; baseline 0.002 -21"><span class='ocrx_word' id='word_1_204' title='bbox 270 2327 473 2403; x_wconf 87' lang='lat' dir='ltr'><strong>pedali</strong></span> <span class='ocrx_word' id='word_1_205' title='bbox 519 2328 905 2387; x_wconf 88' lang='lat' dir='ltr'><strong>crassitudine</strong></span> <span class='ocrx_word' id='word_1_206' title='bbox 951 2348 1071 2387; x_wconf 93' lang='lat' dir='ltr'><strong>non</strong></span> <span class='ocrx_word' id='word_1_207' title='bbox 1112 2332 1365 2405; x_wconf 90' lang='lat' dir='ltr'><strong>possunt</strong></span> <span class='ocrx_word' id='word_1_208' title='bbox 1413 2331 1549 2406; x_wconf 89' lang='lat' dir='ltr'><strong>plus</strong></span> <span class='ocrx_word' id='word_1_209' title='bbox 1596 2349 1776 2389; x_wconf 89' lang='lat' dir='ltr'><strong>unam</strong></span> <span class='ocrx_word' id='word_1_210' title='bbox 1821 2332 2107 2390; x_wconf 87' lang='lat' dir='ltr'><strong>sustinere</strong></span> <span class='ocrx_word' id='word_1_211' title='bbox 2154 2350 2287 2390; x_wconf 92' lang='lat' dir='ltr'><strong>con·</strong></span> 
     </span>
    </p>

    <p class='ocr_par' dir='ltr' id='par_1_13' title="bbox 189 2416 2286 2494">
     <span class='ocr_line' id='line_1_26' title="bbox 189 2416 2286 2494; baseline 0.001 -20"><span class='ocrx_word' id='word_1_212' title='bbox 189 2433 243 2475; x_wconf 78' lang='lat'><strong>25</strong></span> <span class='ocrx_word' id='word_1_213' title='bbox 270 2416 682 2494; x_wconf 86' lang='lat' dir='ltr'><strong>tignationem.</strong></span> <span class='ocrx_word' id='word_1_214' title='bbox 771 2417 836 2475; x_wconf 90' lang='lat' dir='ltr'><strong>in</strong></span> <span class='ocrx_word' id='word_1_215' title='bbox 890 2436 960 2477; x_wconf 89' lang='lat' dir='ltr'><strong>ea</strong></span> <span class='ocrx_word' id='word_1_216' title='bbox 1014 2421 1215 2478; x_wconf 88' lang='lat' dir='ltr'><strong>autem</strong></span> <span class='ocrx_word' id='word_1_217' title='bbox 1267 2420 1581 2479; x_wconf 84' lang='lat' dir='ltr'><strong>maiestate</strong></span> <span class='ocrx_word' id='word_1_218' title='bbox 1624 2419 1787 2479; x_wconf 89' lang='lat' dir='ltr'><strong>urbis</strong></span> <span class='ocrx_word' id='word_1_219' title='bbox 1833 2423 1894 2479; x_wconf 92' lang='lat' dir='ltr'><strong>et</strong></span> <span class='ocrx_word' id='word_1_220' title='bbox 1938 2421 2155 2479; x_wconf 87' lang='lat' dir='ltr'><strong>civium</strong></span> <span class='ocrx_word' id='word_1_221' title='bbox 2198 2420 2286 2478; x_wconf 92' lang='lat' dir='ltr'><strong>in-</strong></span> 
     </span>
    </p>

    <p class='ocr_par' dir='ltr' id='par_1_14' title="bbox 162 2503 2285 2673">
     <span class='ocr_line' id='line_1_27' title="bbox 162 2503 2285 2587; baseline 0 -22"><span class='ocrx_word' id='word_1_222' title='bbox 162 2514 254 2565; x_wconf 80' lang='lat'><strong>(20)</strong></span> <span class='ocrx_word' id='word_1_223' title='bbox 274 2504 448 2564; x_wconf 85' lang='lat' dir='ltr'><strong>finita</strong></span> <span class='ocrx_word' id='word_1_224' title='bbox 492 2506 829 2582; x_wconf 88' lang='lat' dir='ltr'><strong>frequentia</strong></span> <span class='ocrx_word' id='word_1_225' title='bbox 872 2506 1329 2567; x_wconf 86' lang='lat' dir='ltr'><strong>innumerabiles</strong></span> <span class='ocrx_word' id='word_1_226' title='bbox 1375 2508 1771 2568; x_wconf 85' lang='lat' dir='ltr'><strong>habitationes</strong></span> <span class='ocrx_word' id='word_1_227' title='bbox 1813 2503 1821 2587; x_wconf 92' lang='grc' dir='ltr'>Ι</span> <span class='ocrx_word' id='word_1_228' title='bbox 1864 2527 2009 2583; x_wconf 90' lang='lat' dir='ltr'><strong>opus</strong></span> <span class='ocrx_word' id='word_1_229' title='bbox 2056 2511 2146 2568; x_wconf 89' lang='lat' dir='ltr'><strong>est</strong></span> <span class='ocrx_word' id='word_1_230' title='bbox 2191 2527 2285 2568; x_wconf 86' lang='lat' dir='ltr'><strong>ex-</strong></span> 
     </span>
     <span class='ocr_line' id='line_1_28' title="bbox 269 2593 2285 2673; baseline 0.002 -22"><span class='ocrx_word' id='word_1_231' title='bbox 269 2593 509 2669; x_wconf 86' lang='lat' dir='ltr'><strong>plicare.</strong></span> <span class='ocrx_word' id='word_1_232' title='bbox 610 2613 748 2671; x_wconf 87' lang='lat' dir='ltr'><strong>ergo</strong></span> <span class='ocrx_word' id='word_1_233' title='bbox 803 2614 938 2654; x_wconf 91' lang='lat' dir='ltr'><strong>cum</strong></span> <span class='ocrx_word' id='word_1_234' title='bbox 990 2596 1248 2671; x_wconf 90' lang='lat' dir='ltr'><strong>recipere</strong></span> <span class='ocrx_word' id='word_1_235' title='bbox 1301 2614 1422 2655; x_wconf 93' lang='lat' dir='ltr'><strong>non</strong></span> <span class='ocrx_word' id='word_1_236' title='bbox 1474 2600 1715 2673; x_wconf 87' lang='lat' dir='ltr'><strong>possent</strong></span> <span class='ocrx_word' id='word_1_237' title='bbox 1770 2615 1940 2655; x_wconf 91' lang='lat' dir='ltr'><strong>areae</strong></span> <span class='ocrx_word' id='word_1_238' title='bbox 2004 2598 2285 2673; x_wconf 88' lang='lat' dir='ltr'><strong>planatae</strong></span> 
     </span>
    </p>
   </div>
   <div class='ocr_carea' id='block_1_3' title="bbox 271 2730 696 2741">
    <p class='ocr_par' dir='ltr' id='par_1_15' title="bbox 271 2730 696 2741">
     <span class='ocr_line' id='line_1_29' title="bbox 271 2730 696 2741; baseline 0 1186"><span class='ocrx_word' id='word_1_239' title='bbox 271 2730 696 2741; x_wconf 95' lang='lat' dir='ltr'><strong> </strong></span> 
     </span>
    </p>
   </div>
   <div class='ocr_carea' id='block_1_4' title="bbox 416 2801 2289 2889">
    <p class='ocr_par' dir='ltr' id='par_1_16' title="bbox 416 2801 2289 2889">
     <span class='ocr_line' id='line_1_30' title="bbox 416 2801 2289 2889; baseline 0.001 -20"><span class='ocrx_word' id='word_1_240' title='bbox 416 2822 444 2870; x_wconf 88' lang='lat'>1</span> <span class='ocrx_word' id='word_1_241' title='bbox 482 2817 745 2871; x_wconf 91' lang='lat' dir='ltr'><strong>throdum</strong></span> <span class='ocrx_word' id='word_1_242' title='bbox 782 2820 853 2887; x_wconf 83' lang='lat' dir='ltr'><strong>(et</strong></span> <span class='ocrx_word' id='word_1_243' title='bbox 887 2818 967 2872; x_wconf 76' lang='lat' dir='ltr'><strong>sic</strong></span> <span class='ocrx_word' id='word_1_244' title='bbox 1003 2824 1128 2873; x_wconf 78' lang='lat' dir='ltr'><strong>ante</strong></span> <span class='ocrx_word' id='word_1_245' title='bbox 1171 2835 1280 2873; x_wconf 79' lang='lat' dir='ltr'><strong>ras.</strong></span> <span class='ocrx_word' id='word_1_246' title='bbox 1313 2834 1519 2889; x_wconf 77' lang='lat' dir='ltr'><strong>semper</strong></span> <span class='ocrx_word' id='word_1_247' title='bbox 1554 2836 1662 2874; x_wconf 79' lang='lat' dir='ltr'><strong>exc.</strong></span> <span class='ocrx_word' id='word_1_248' title='bbox 1700 2836 1750 2874; x_wconf 81' lang='lat' dir='ltr'><strong>v.</strong></span> <span class='ocrx_word' id='word_1_249' title='bbox 1780 2820 1877 2888; x_wconf 82' lang='lat'><strong>23)</strong></span> <span class='ocrx_word' id='word_1_250' title='bbox 1906 2818 1963 2887; x_wconf 89' lang='lat' dir='ltr'><strong>S,</strong></span> <span class='ocrx_word' id='word_1_251' title='bbox 1996 2801 2196 2873; x_wconf 78' lang='lat' dir='ltr'><strong>r&#39;bdum</strong></span> <span class='ocrx_word' id='word_1_252' title='bbox 2222 2818 2289 2871; x_wconf 87' lang='lat' dir='ltr'><strong><em>H</em></strong></span> 
     </span>
    </p>
   </div>
   <div class='ocr_carea' id='block_1_5' title="bbox 269 2892 2283 3567">
    <p class='ocr_par' dir='ltr' id='par_1_17' title="bbox 269 2892 2281 3351">
     <span class='ocr_line' id='line_1_31' title="bbox 269 2892 2281 2996; baseline 0 -18"><span class='ocrx_word' id='word_1_253' title='bbox 269 2922 403 2993; x_wconf 75' lang='lat' dir='ltr'><strong>(sc),</strong></span> <span class='ocrx_word' id='word_1_254' title='bbox 449 2922 630 2977; x_wconf 67' lang='lat' dir='ltr'><strong>rhode</strong></span> <span class='ocrx_word' id='word_1_255' title='bbox 659 2924 734 2979; x_wconf 59' lang='lat' dir='ltr'><strong>a.</strong></span> <span class='ocrx_word' id='word_1_256' title='bbox 773 2926 792 2994; x_wconf 78' lang='grc' dir='ltr'><strong>ιι</strong></span> <span class='ocrx_word' id='word_1_257' title='bbox 836 2930 871 2978; x_wconf 84' lang='lat'>4</span> <span class='ocrx_word' id='word_1_258' title='bbox 910 2927 1167 2993; x_wconf 75' lang='lat' dir='ltr'><strong>tropeum</strong></span> <span class='ocrx_word' id='word_1_259' title='bbox 1194 2924 1340 2993; x_wconf 77' lang='lat' dir='ltr'><strong>HG,</strong></span> <span class='ocrx_word' id='word_1_260' title='bbox 1383 2892 1661 2995; x_wconf 60' lang='lat' dir='ltr'><strong>thophec</strong></span> <span class='ocrx_word' id='word_1_261' title='bbox 1707 2926 1826 2995; x_wconf 70' lang='lat' dir='ltr'><strong>(sic)</strong></span> <span class='ocrx_word' id='word_1_262' title='bbox 1862 2925 1915 2981; x_wconf 81' lang='lat' dir='ltr'><strong>s.</strong></span> <span class='ocrx_word' id='word_1_263' title='bbox 1950 2924 2050 2996; x_wconf 71' lang='lat'><strong>1111</strong></span> <span class='ocrx_word' id='word_1_264' title='bbox 2088 2925 2281 2980; x_wconf 84' lang='lat' dir='ltr'><strong>urbem</strong></span> 
     </span>
     <span class='ocr_line' id='line_1_32' title="bbox 269 2992 2226 3067; baseline 0.002 -20"><span class='ocrx_word' id='word_1_265' title='bbox 269 2993 386 3064; x_wconf 57' lang='grc' dir='ltr'><strong>(ὦζε</strong></span> <span class='ocrx_word' id='word_1_266' title='bbox 417 2992 537 3061; x_wconf 89' lang='lat' dir='ltr'><strong>GS,</strong></span> <span class='ocrx_word' id='word_1_267' title='bbox 575 2994 668 3049; x_wconf 90' lang='lat' dir='ltr'><strong>-be</strong></span> <span class='ocrx_word' id='word_1_268' title='bbox 699 2994 780 3065; x_wconf 78' lang='lat' dir='ltr'><strong>S0)</strong></span> <span class='ocrx_word' id='word_1_269' title='bbox 816 2994 993 3050; x_wconf 90' lang='lat' dir='ltr'><strong>rhodo</strong></span> <span class='ocrx_word' id='word_1_270' title='bbox 1029 3012 1086 3063; x_wconf 76' lang='lat' dir='ltr'><strong>x,</strong></span> <span class='ocrx_word' id='word_1_271' title='bbox 1126 2997 1144 3064; x_wconf 95' lang='grc'>11</span> <span class='ocrx_word' id='word_1_272' title='bbox 1186 3000 1217 3049; x_wconf 88' lang='grc'><strong>6</strong></span> <span class='ocrx_word' id='word_1_273' title='bbox 1257 3012 1408 3050; x_wconf 87' lang='lat' dir='ltr'><strong>eam:</strong></span> <span class='ocrx_word' id='word_1_274' title='bbox 1448 2998 1505 3049; x_wconf 89' lang='lat' dir='ltr'><strong>et</strong></span> <span class='ocrx_word' id='word_1_275' title='bbox 1540 2994 1627 3065; x_wconf 65' lang='grc' dir='ltr'><strong>(ὰ)</strong></span> <span class='ocrx_word' id='word_1_276' title='bbox 1663 3013 1717 3051; x_wconf 77' lang='lat' dir='ltr'><strong>x.</strong></span> <span class='ocrx_word' id='word_1_277' title='bbox 1760 2998 1779 3067; x_wconf 95' lang='grc'>11</span> <span class='ocrx_word' id='word_1_278' title='bbox 1817 3001 1846 3050; x_wconf 82' lang='grc'>7</span> <span class='ocrx_word' id='word_1_279' title='bbox 1885 2996 2039 3051; x_wconf 85' lang='lat' dir='ltr'><strong>ideo:</strong></span> <span class='ocrx_word' id='word_1_280' title='bbox 2076 2996 2136 3050; x_wconf 93' lang='lat' dir='ltr'><strong>id</strong></span> <span class='ocrx_word' id='word_1_281' title='bbox 2172 3014 2226 3051; x_wconf 78' lang='grc' dir='ltr'><strong>ω.</strong></span> 
     </span>
     <span class='ocr_line' id='line_1_33' title="bbox 269 3065 2224 3149; baseline 0.002 -31"><span class='ocrx_word' id='word_1_282' title='bbox 269 3070 302 3118; x_wconf 92' lang='grc'>8</span> <span class='ocrx_word' id='word_1_283' title='bbox 347 3066 546 3149; x_wconf 83' lang='lat' dir='ltr'><strong>tropea</strong></span> <span class='ocrx_word' id='word_1_284' title='bbox 581 3065 728 3133; x_wconf 90' lang='lat' dir='ltr'><strong>HG,</strong></span> <span class='ocrx_word' id='word_1_285' title='bbox 780 3065 1017 3135; x_wconf 88' lang='lat' dir='ltr'><strong>trophea</strong></span> <span class='ocrx_word' id='word_1_286' title='bbox 1053 3066 1107 3121; x_wconf 99' lang='lat' dir='ltr'><strong>S.</strong></span> <span class='ocrx_word' id='word_1_287' title='bbox 1163 3069 1182 3136; x_wconf 91' lang='grc'>11</span> <span class='ocrx_word' id='word_1_288' title='bbox 1237 3071 1303 3120; x_wconf 92' lang='grc'><strong>10</strong></span> <span class='ocrx_word' id='word_1_289' title='bbox 1341 3066 1449 3121; x_wconf 86' lang='lat' dir='ltr'><strong>ita:</strong></span> <span class='ocrx_word' id='word_1_290' title='bbox 1496 3066 1556 3120; x_wconf 93' lang='lat' dir='ltr'><strong>id</strong></span> <span class='ocrx_word' id='word_1_291' title='bbox 1592 3085 1646 3121; x_wconf 74' lang='grc' dir='ltr'><strong>ω.</strong></span> <span class='ocrx_word' id='word_1_292' title='bbox 1701 3069 1721 3137; x_wconf 97' lang='grc'><strong>11</strong></span> <span class='ocrx_word' id='word_1_293' title='bbox 1777 3073 1839 3121; x_wconf 90' lang='grc'>11</span> <span class='ocrx_word' id='word_1_294' title='bbox 1887 3066 2137 3122; x_wconf 88' lang='lat' dir='ltr'><strong>abathon</strong></span> <span class='ocrx_word' id='word_1_295' title='bbox 2171 3085 2224 3122; x_wconf 80' lang='lat' dir='ltr'><strong>x.</strong></span> 
     </span>
     <span class='ocr_line' id='line_1_34' title="bbox 272 3136 2281 3208; baseline 0.002 -19"><span class='ocrx_word' id='word_1_296' title='bbox 272 3141 336 3190; x_wconf 83' lang='lat'><strong>12</strong></span> <span class='ocrx_word' id='word_1_297' title='bbox 383 3136 532 3206; x_wconf 88' lang='lat' dir='ltr'><strong>regis</strong></span> <span class='ocrx_word' id='word_1_298' title='bbox 567 3155 624 3192; x_wconf 78' lang='lat' dir='ltr'><strong>x.</strong></span> <span class='ocrx_word' id='word_1_299' title='bbox 675 3136 685 3208; x_wconf 88' lang='grc' dir='ltr'>Ι</span> <span class='ocrx_word' id='word_1_300' title='bbox 733 3136 1169 3205; x_wconf 86' lang='lat' dir='ltr'><strong>contempserint</strong></span> <span class='ocrx_word' id='word_1_301' title='bbox 1205 3137 1292 3195; x_wconf 90' lang='lat' dir='ltr'><strong>H.</strong></span> <span class='ocrx_word' id='word_1_302' title='bbox 1340 3137 1442 3191; x_wconf 87' lang='lat' dir='ltr'><strong>-rit</strong></span> <span class='ocrx_word' id='word_1_303' title='bbox 1470 3137 1526 3205; x_wconf 92' lang='lat' dir='ltr'><strong>S,</strong></span> <span class='ocrx_word' id='word_1_304' title='bbox 1574 3141 1725 3192; x_wconf 90' lang='lat' dir='ltr'><strong>-runt</strong></span> <span class='ocrx_word' id='word_1_305' title='bbox 1764 3140 1830 3195; x_wconf 93' lang='lat' dir='ltr'><strong>G.</strong></span> <span class='ocrx_word' id='word_1_306' title='bbox 1886 3140 1905 3208; x_wconf 94' lang='grc'>11</span> <span class='ocrx_word' id='word_1_307' title='bbox 1957 3143 2024 3192; x_wconf 91' lang='grc'>14</span> <span class='ocrx_word' id='word_1_308' title='bbox 2072 3138 2281 3206; x_wconf 86' lang='lat' dir='ltr'><strong>saeptis</strong></span> 
     </span>
     <span class='ocr_line' id='line_1_35' title="bbox 269 3206 2279 3290; baseline 0.001 -29"><span class='ocrx_word' id='word_1_309' title='bbox 269 3207 790 3290; x_wconf 74' lang='lat' dir='ltr'><strong>Noh12sae(e&gt;pius</strong></span> <span class='ocrx_word' id='word_1_310' title='bbox 825 3226 880 3263; x_wconf 76' lang='grc' dir='ltr'><strong>ω.</strong></span> <span class='ocrx_word' id='word_1_311' title='bbox 939 3209 958 3277; x_wconf 92' lang='grc'>11</span> <span class='ocrx_word' id='word_1_312' title='bbox 1013 3213 1079 3261; x_wconf 88' lang='grc'><strong>16</strong></span> <span class='ocrx_word' id='word_1_313' title='bbox 1125 3206 1264 3278; x_wconf 88' lang='lat' dir='ltr'><strong>in&lt;m</strong></span> <span class='ocrx_word' id='word_1_314' title='bbox 1290 3208 1597 3279; x_wconf 88' lang='lat' dir='ltr'><strong>S)probare</strong></span> <span class='ocrx_word' id='word_1_315' title='bbox 1632 3227 1687 3264; x_wconf 80' lang='lat' dir='ltr'><strong>x.</strong></span> <span class='ocrx_word' id='word_1_316' title='bbox 1742 3212 1761 3280; x_wconf 93' lang='grc'>11</span> <span class='ocrx_word' id='word_1_317' title='bbox 1817 3215 1880 3262; x_wconf 81' lang='lat'><strong>17</strong></span> <span class='ocrx_word' id='word_1_318' title='bbox 1927 3209 2042 3263; x_wconf 89' lang='lat' dir='ltr'><strong>sint</strong></span> <span class='ocrx_word' id='word_1_319' title='bbox 2067 3209 2134 3263; x_wconf 88' lang='grc' dir='ltr'>Η</span> <span class='ocrx_word' id='word_1_320' title='bbox 2140 3209 2279 3278; x_wconf 93' lang='lat' dir='ltr'><strong>(G)</strong></span> 
     </span>
     <span class='ocr_line' id='line_1_36' title="bbox 270 3278 2281 3351; baseline 0.001 -20"><span class='ocrx_word' id='word_1_321' title='bbox 270 3280 401 3331; x_wconf 91' lang='lat' dir='ltr'><strong>sunt</strong></span> <span class='ocrx_word' id='word_1_322' title='bbox 429 3278 590 3348; x_wconf 69' lang='lat' dir='ltr'><strong>s&#39;S</strong></span> <span class='ocrx_word' id='word_1_323' title='bbox 621 3278 778 3350; x_wconf 90' lang='lat' dir='ltr'><strong>itap</strong></span> <span class='ocrx_word' id='word_1_324' title='bbox 783 3278 960 3335; x_wconf 90' lang='lat' dir='ltr'><strong>H.S:</strong></span> <span class='ocrx_word' id='word_1_325' title='bbox 999 3278 1084 3333; x_wconf 85' lang='lat' dir='ltr'><strong>ita</strong></span> <span class='ocrx_word' id='word_1_326' title='bbox 1121 3296 1228 3349; x_wconf 85' lang='lat' dir='ltr'><strong>ap</strong></span> <span class='ocrx_word' id='word_1_327' title='bbox 1233 3280 1345 3335; x_wconf 94' lang='lat' dir='ltr'><strong>.G.</strong></span> <span class='ocrx_word' id='word_1_328' title='bbox 1374 3286 1487 3345; x_wconf 84' lang='grc'>1119</span> <span class='ocrx_word' id='word_1_329' title='bbox 1527 3282 1737 3336; x_wconf 77' lang='lat' dir='ltr'><strong>suntae.</strong></span> <span class='ocrx_word' id='word_1_330' title='bbox 1766 3282 1879 3351; x_wconf 92' lang='grc'>1120</span> <span class='ocrx_word' id='word_1_331' title='bbox 1915 3278 2050 3349; x_wconf 80' lang='lat' dir='ltr'><strong>Legi</strong></span> <span class='ocrx_word' id='word_1_332' title='bbox 2055 3297 2079 3333; x_wconf 91' lang='lat' dir='ltr'><strong>s</strong></span> <span class='ocrx_word' id='word_1_333' title='bbox 2114 3281 2183 3348; x_wconf 86' lang='lat' dir='ltr'><strong>(a.</strong></span> <span class='ocrx_word' id='word_1_334' title='bbox 2215 3283 2281 3350; x_wconf 84' lang='lat' dir='ltr'><strong>c.)</strong></span> 
     </span>
    </p>

    <p class='ocr_par' dir='ltr' id='par_1_18' title="bbox 385 3298 2283 3475">
     <span class='ocr_line' id='line_1_37' title="bbox 385 3298 2283 3475; baseline 0.001 -73.02"><span class='ocrx_word' id='word_1_335' title='bbox 385 3351 488 3418; x_wconf 90' lang='grc'>212</span> <span class='ocrx_word' id='word_1_336' title='bbox 525 3350 723 3405; x_wconf 89' lang='lat' dir='ltr'><strong>fierent</strong></span> <span class='ocrx_word' id='word_1_337' title='bbox 740 3298 812 3405; x_wconf 53' lang='grc' dir='ltr'><strong>ξε.</strong></span> <span class='ocrx_word' id='word_1_338' title='bbox 841 3352 957 3421; x_wconf 89' lang='grc'>214</span> <span class='ocrx_word' id='word_1_339' title='bbox 991 3348 1119 3420; x_wconf 89' lang='lat' dir='ltr'><strong>plus</strong></span> <span class='ocrx_word' id='word_1_340' title='bbox 1157 3367 1326 3405; x_wconf 84' lang='lat' dir='ltr'><strong>unam</strong></span> <span class='ocrx_word' id='word_1_341' title='bbox 1354 3351 1487 3407; x_wconf 93' lang='lat' dir='ltr'><strong>HS.</strong></span> <span class='ocrx_word' id='word_1_342' title='bbox 1526 3350 1652 3421; x_wconf 87' lang='lat' dir='ltr'><strong>plus</strong></span> <span class='ocrx_word' id='word_1_343' title='bbox 1694 3369 1766 3405; x_wconf 87' lang='lat' dir='ltr'><strong>ua</strong></span> <span class='ocrx_word' id='word_1_344' title='bbox 1802 3368 1915 3404; x_wconf 87' lang='lat' dir='ltr'><strong>una</strong></span> <span class='ocrx_word' id='word_1_345' title='bbox 1945 3351 1996 3406; x_wconf 93' lang='lat' dir='ltr'><strong>G</strong></span> <span class='ocrx_word' id='word_1_346' title='bbox 2022 3350 2233 3420; x_wconf 56' lang='lat' dir='ltr'><strong>(Ptin.)</strong></span> <span class='ocrx_word' id='word_1_347' title='bbox 2254 3351 2283 3475; x_wconf 58' lang='grc'>11</span> 
     </span>
    </p>

    <p class='ocr_par' dir='ltr' id='par_1_19' title="bbox 273 3351 2253 3567">
     <span class='ocr_line' id='line_1_38' title="bbox 385 3351 2253 3492; baseline 0 -18"><span class='ocrx_word' id='word_1_348' title='bbox 385 3351 734 3475; x_wconf 73' lang='lat' dir='ltr'><strong>¹abitationis</strong></span> <span class='ocrx_word' id='word_1_349' title='bbox 763 3423 834 3491; x_wconf 88' lang='lat' dir='ltr'><strong>(a.</strong></span> <span class='ocrx_word' id='word_1_350' title='bbox 841 3352 932 3491; x_wconf 66' lang='lat' dir='ltr'><strong>ssa)</strong></span> <span class='ocrx_word' id='word_1_351' title='bbox 959 3422 1034 3477; x_wconf 87' lang='lat' dir='ltr'><strong>H.</strong></span> <span class='ocrx_word' id='word_1_352' title='bbox 1064 3424 1082 3491; x_wconf 94' lang='grc'>11</span> <span class='ocrx_word' id='word_1_353' title='bbox 1111 3426 1177 3475; x_wconf 80' lang='grc'><strong>27</strong></span> <span class='ocrx_word' id='word_1_354' title='bbox 1206 3424 1441 3492; x_wconf 85' lang='lat' dir='ltr'><strong>possunt</strong></span> <span class='ocrx_word' id='word_1_355' title='bbox 1468 3438 1599 3477; x_wconf 86' lang='lat' dir='ltr'><strong>area</strong></span> <span class='ocrx_word' id='word_1_356' title='bbox 1625 3440 1663 3491; x_wconf 88' lang='lat' dir='ltr'><strong>p</strong></span> <span class='ocrx_word' id='word_1_357' title='bbox 1688 3424 1860 3476; x_wconf 75' lang='lat' dir='ltr'><strong>anate.</strong></span> <span class='ocrx_word' id='word_1_358' title='bbox 1887 3421 2014 3490; x_wconf 89' lang='lat' dir='ltr'><strong>HS,</strong></span> <span class='ocrx_word' id='word_1_359' title='bbox 2047 3437 2253 3489; x_wconf 87' lang='lat' dir='ltr'><strong>possun</strong></span> 
     </span>
     <span class='ocr_line' id='line_1_39' title="bbox 273 3490 1835 3567; baseline 0.003 -23"><span class='ocrx_word' id='word_1_360' title='bbox 273 3506 415 3544; x_wconf 83' lang='lat' dir='ltr'><strong>areae</strong></span> <span class='ocrx_word' id='word_1_361' title='bbox 451 3490 682 3567; x_wconf 57' lang='lat' dir='ltr'><strong>planata</strong></span> <span class='ocrx_word' id='word_1_362' title='bbox 714 3492 785 3560; x_wconf 90' lang='lat' dir='ltr'><strong>G,</strong></span> <span class='ocrx_word' id='word_1_363' title='bbox 825 3494 1015 3561; x_wconf 83' lang='lat' dir='ltr'><strong>posset</strong></span> <span class='ocrx_word' id='word_1_364' title='bbox 1049 3495 1243 3563; x_wconf 73' lang='lat' dir='ltr'><strong>(supra</strong></span> <span class='ocrx_word' id='word_1_365' title='bbox 1270 3492 1355 3563; x_wconf 73' lang='grc' dir='ltr'><strong>δ’)</strong></span> <span class='ocrx_word' id='word_1_366' title='bbox 1395 3510 1527 3548; x_wconf 89' lang='lat' dir='ltr'><strong>area</strong></span> <span class='ocrx_word' id='word_1_367' title='bbox 1561 3491 1734 3563; x_wconf 87' lang='lat' dir='ltr'><strong>plana</strong></span> <span class='ocrx_word' id='word_1_368' title='bbox 1760 3493 1835 3549; x_wconf 57' lang='lat' dir='ltr'><strong>Sc·</strong></span> 
     </span>
    </p>
   </div>
   <div class='ocr_carea' id='block_1_6' title="bbox 1887 3580 1959 3634">
    <p class='ocr_par' dir='ltr' id='par_1_20' title="bbox 1887 3580 1959 3634">
     <span class='ocr_line' id='line_1_40' title="bbox 1887 3580 1959 3634; baseline 0 -24"><span class='ocrx_word' id='word_1_369' title='bbox 1887 3580 1959 3634; x_wconf 57' lang='lat'><strong>40</strong></span> 
     </span>
    </p>
   </div>
  </div>
 </body>
</html>
