2664 3927
699 167 795 220 DE
831 166 1390 222 ARCHITECTURA
1425 129 1559 222 1213.
1597 167 1664 236 x,
1701 175 1751 222 4.
1791 173 1822 220 5
1984 235 1997 250 .
2142 167 2272 231 253

261 318 535 378 dividunt
578 316 853 393 aequalia
899 318 962 376 in
1007 320 1293 393 tympano
1342 318 1553 392 spatia.
1644 317 1798 377 circa
1843 319 2100 377 frontem
2146 317 2269 377 eius
2308 334 2340 381 2

19 449 41 476 .
151 420 242 469 (10)
261 407 527 485 figuntur
553 406 815 482 tabulae,
850 406 1072 465 relictis
1104 397 1112 487 Ι
1144 405 1599 482 semipedalibus
1628 408 1921 482 aperturis
1951 407 2026 465 ad
2053 425 2276 481 aquam

261 496 422 554 intra
494 495 954 571 concipiendam.
1059 495 1206 552 item
1278 495 1602 554 secundum
1672 515 1841 554 axem
1912 494 2277 554 columbaria

261 585 412 643 fiunt
456 587 738 644 excavata
779 583 844 642 in
889 583 1138 660 singulis
1185 584 1395 658 spatiis
1441 603 1511 642 ex
1555 605 1674 642 una
1719 587 1907 660 parte.
1978 584 2040 642 id
2078 585 2276 642 autem

211 693 235 734 5
264 693 398 732 cum
461 677 552 732 est
612 671 817 730 navali
877 672 1107 730 ratione
1169 672 1463 747 picatum,
1525 672 1860 732 hominibus
1914 671 2276 732 calcantibus

262 765 533 821 versatur
576 764 636 820 et
670 759 991 820 hauriendo
1028 779 1136 836 per
1171 764 1479 836 aperturas
1517 781 1671 840 quae
1706 764 1849 821 sunt
1883 761 1947 820 in
1980 760 2277 820 frontibus
2346 833 2355 838 -

156 861 245 914 (15)
265 851 537 927 tympani
581 849 775 907 reddit
818 867 926 924 per
970 848 1339 908 columbaria
1384 841 1720 931 selcundum
1765 870 1935 909 axem
1971 850 2278 926 supposito

262 938 430 999 labro
475 938 673 1014 ligneo
717 936 972 996 habente
1017 956 1138 996 una
1182 957 1381 998 secum
1424 938 1801 998 coniunctum
1837 939 2119 998 canalem.
2192 939 2280 996 ita

264 1028 452 1086 hortis
529 1027 605 1085 ad
665 1025 1045 1104 inrigandum
1107 1027 1206 1085 vel
1269 1027 1344 1085 ad
1408 1026 1628 1086 salinas
1693 1027 1769 1086 ad
1832 1027 2280 1103 temperandum

187 1138 238 1176 10
265 1114 583 1191 praebetur
620 1134 808 1191 aquae
843 1115 1182 1174 multitudo.
1255 1135 1391 1174 cum
1426 1118 1627 1174 autem
1663 1116 1843 1174 altius
1880 1116 2280 1176 extollendum
2316 1128 2348 1175 3

268 1205 400 1279 erit,
447 1204 651 1263 eadem
685 1204 840 1263 ratio
879 1203 1339 1263 commutabitur
1375 1203 1472 1262 sic.
1546 1206 1681 1263 rota
1716 1204 1821 1262 fiet
1856 1204 2075 1262 circum
2112 1223 2282 1262 axem
2338 1231 2343 1236 ·

162 1305 250 1356 (2⁰)
270 1311 340 1351 ea
385 1292 792 1371 magnitudine
839 1295 908 1350 ut
953 1293 1028 1351 ad
1072 1292 1453 1352 altitudinem
1501 1312 1651 1368 quae
1694 1286 1701 1369 Ι
1743 1310 1891 1368 opus
1927 1292 2110 1350 fuerit
2145 1313 2279 1352 con-

268 1381 468 1440 venire
513 1381 718 1458 possit.
804 1381 1023 1440 circum
1069 1384 1399 1441 extremum
1442 1382 1600 1440 latus
1644 1384 1812 1440 rotae
1857 1381 2115 1458 figentur
2157 1400 2279 1440 mo-

269 1469 415 1530 dioli
461 1471 738 1546 quadrati
783 1470 913 1546 pice
960 1473 1021 1528 et
1065 1489 1199 1529 cera
1245 1470 1501 1529 solidati.
1592 1471 1680 1528 ita
1724 1489 1858 1528 cum
1903 1473 2035 1528 rota
2081 1489 2118 1527 a
2162 1470 2279 1528 cal-

190 1579 241 1618 15
270 1559 538 1619 cantibus
583 1559 932 1634 versabitur,
977 1558 1222 1618 modioli
1256 1559 1419 1635 pleni
1457 1559 1531 1617 ad
1568 1578 1864 1618 summum
1901 1557 2043 1616 elati
2078 1577 2282 1616 rursus

272 1648 348 1706 ad
402 1649 588 1706 imum
640 1650 1001 1708 revertentes
1055 1647 1371 1706 infimdent
1420 1648 1485 1706 in
1539 1649 1848 1707 castellum
1901 1647 2017 1722 ipsi
2069 1666 2176 1722 per
2220 1665 2283 1705 se

273 1738 431 1811 quod
484 1736 820 1795 extulerint.
911 1737 1005 1794 sin
1059 1738 1258 1795 autem
1307 1737 1501 1814 magis
1556 1737 1697 1795 altis
1748 1736 1895 1795 locis
1950 1735 2064 1794 erit
2116 1754 2283 1811 prae·
2319 1747 2355 1794 4

165 1835 254 1887 (25)
279 1818 574 1906 {bendum‚
638 1825 700 1882 in
763 1825 1024 1884 eiusdem
1084 1828 1251 1884 rotae
1315 1845 1424 1883 axe
1486 1825 1759 1885 involuta
1821 1824 2037 1900 duplex
2093 1825 2285 1882 ferrea

274 1915 484 1973 catena
555 1913 924 1990 demissaque
997 1913 1072 1972 ad
1134 1914 1321 1972 imum
1382 1913 1802 1973 libramentum
1864 1912 2287 1987 conlocabitur,

9 2036 20 2053 ν
139 2010 254 2067 257
277 2001 499 2061 habens
563 1994 788 2084 situllos
851 2003 1172 2078 pendentes
1227 2022 1429 2063 aereos
1483 2004 1797 2081 congiales.
1885 2003 1974 2061 ita
2027 2002 2284 2062 versatio

196 2113 248 2151 21
277 2094 443 2149 rotae
489 2092 760 2150 catenam
801 2090 865 2149 in
910 2108 1084 2150 axem
1126 2091 1483 2152 involvendo
1530 2094 1731 2151 efferet
1776 2092 1985 2151 situlos
2031 2092 2095 2149 in
2131 2110 2285 2150 sum-

275 2200 465 2254 mum,
523 2180 625 2255 qui
676 2174 894 2258 (cum)
950 2199 1131 2256 super
1175 2199 1345 2239 axem
1388 2181 1815 2257 pervehuntur,
1869 2183 2155 2259 cogentur
2197 2179 2286 2237 in-

275 2269 431 2328 verti
477 2271 536 2327 et
578 2268 886 2327 infundere
931 2270 995 2328 in
1041 2269 1352 2328 castellum
1398 2290 1583 2346 aquae
1631 2270 1789 2346 quod
1836 2270 2169 2328 extulerint.
2248 2316 2255 2321 .

197 2367 256 2421 (5)
412 2349 420 2439 Ι
460 2358 644 2416 Fiunt
701 2358 882 2416 etiam
939 2359 1005 2415 in
1061 2358 1399 2417 fluminibus
1456 2361 1623 2417 rotae
1682 2358 1901 2435 eisdem
1959 2357 2287 2416 rationibus
2304 2362 2357 2416 V

195 2466 248 2507 25
279 2446 488 2523 quibus
535 2464 714 2523 supra
760 2448 1044 2522 scriptum
1079 2449 1184 2505 est.
1258 2448 1415 2506 circa
1450 2466 1653 2506 earum
1686 2449 1911 2506 frontes
1950 2446 2288 2522 adfiguntur

274 2536 509 2612 pinnae,
555 2554 707 2610 quae
754 2554 888 2593 cum
922 2536 1335 2611 percutiuntur
1372 2535 1444 2594 ab
1480 2536 1708 2612 impetu
1743 2535 2020 2609 fluminis,
2065 2537 2289 2611 cogunt

275 2624 717 2701 progredientes
762 2625 985 2682 versari
1027 2626 1247 2697 rotam,
1292 2627 1354 2683 et
1395 2625 1484 2682 ita
1528 2624 1799 2685 modiolis
1844 2624 2181 2682 haurientes
2228 2626 2290 2681 et

274 2714 339 2771 in
385 2732 678 2772 summum
720 2714 1040 2771 referentes
1083 2712 1210 2771 sine
1257 2731 1571 2788 operarum
1612 2714 1913 2773 calcatura
1955 2713 2142 2789 ipsius
2178 2712 2287 2770 flu-

169 2813 258 2865 (10)
277 2802 452 2861 minis
493 2796 502 2880 Ι
543 2802 785 2877 inpulsu
824 2804 1094 2859 versatae
1129 2804 1440 2877 praestant
1476 2802 1637 2877 quod
1673 2820 1824 2877 opus
1860 2804 1952 2861 est
1987 2801 2065 2859 ad
2099 2819 2287 2860 usum.

197 2912 252 2951 30
409 2891 636 2950 Eadem
680 2890 910 2949 ratione
956 2889 1138 2949 etiam
1182 2892 1494 2949 versantur
1535 2890 1908 2967 hydraletae,
1963 2891 2026 2948 in
2072 2889 2287 2966 quibus
2325 2901 2356 2949 2

281 3152 346 3200 ll
421 3083 449 3129 1
490 3076 716 3204 equalga
747 3076 1053 3203 &Sigtaeoe
1083 3075 1310 3200 S)q÷1ali
1338 3076 1408 3130 H
1411 3076 1473 3201 Sl}
1478 3078 1512 3161 ΙΙ
1543 3081 1572 3130 7
1609 3076 1797 3201 redidit
1823 3077 1869 3131 ὣ
1896 3079 1976 3147 (et
2005 3078 2077 3146 G)
2095 3095 2241 3203 pig.
2270 3076 2293 3221 ΙΙ

282 3222 348 3270 15
376 3151 905 3288 {ffiffusslaffffg}
933 3151 1130 3275 ffiiil
1148 3154 1221 3274 le*
1243 3163 1450 3288 ⁴³3.th
1474 3149 1621 3288 efflfi.¹
1651 3164 1689 3288 ιῗ
1726 3150 2291 3287 ι’ἶιωὲιῗιξῖἷῗηῌ)εη>ἑή

280 3288 417 3343 HS:
453 3291 612 3343 -runt
650 3289 715 3345 G.
763 3295 772 3358 Ι
819 3291 975 3347 altisz
1014 3290 1141 3345 aliis
1178 3308 1232 3346 x.
1288 3293 1308 3360 ΙΙ
1363 3295 1429 3344 18
1467 3289 1723 3345 involuta
1760 3290 1893 3347 HS:
1931 3288 2126 3344 voluta
2167 3290 2233 3343 G.
2270 3288 2292 3363 ΙΙ

281 3382 348 3429 22
387 3392 512 3458 emp
546 3396 646 3433 om.
673 3396 729 3433 ω.
759 3380 778 3448 ιι
805 3384 874 3433 24
909 3379 1100 3434 eiusde
1139 3361 1252 3452 (31⁹1
1273 3379 1343 3434 de
1371 3379 1463 3449 H)
1489 3396 1530 3434 a:
1557 3378 1718 3448 (iisde
1751 3379 1859 3448 Ge).
1888 3380 1907 3447 ιι
1934 3382 2001 3429 25
2040 3394 2143 3458 sup
2176 3378 2241 3433 a.
2270 3377 2292 3451 ιι

281 3451 348 3501 26
379 3446 451 3501 ab
477 3450 692 3519 impetu
718 3449 1006 3503 foraminis
1033 3450 1276 3505 fluminis
1304 3453 1403 3521 (sic
1428 3453 1545 3505 sine
1566 3452 1725 3519 corr.)
1745 3448 1798 3504 S.
1827 3450 1846 3517 ΙΙ
1872 3452 1939 3502 27
1968 3447 2289 3503 haunentes

285 3519 360 3574 G:
400 3518 497 3572 -tis
534 3520 660 3575 HS.
705 3523 725 3589 ΙΙ
769 3526 837 3573 30
873 3520 1180 3590 hydraulae
1218 3523 1308 3593 (H
1313 3523 1384 3590 G,
1419 3521 1655 3595 ydraule
1685 3522 1752 3590 S)
1787 3537 1843 3575 x.
