2664 3927
799 163 896 218 DE
933 161 1492 236 ARCHITECTURA
1525 162 1660 219 ΜΒ.
1692 163 1760 232 Χ,
1798 169 1866 218 16
2212 163 2339 227 281

336 315 604 376 omnibus
639 333 786 376 vasa
821 332 1004 374 aenea
1041 313 1363 390 suspendit.
1436 333 1506 373 ex
1540 313 1634 372 his
1670 313 1733 372 in
1768 332 1908 372 una-
1922 314 2155 374 fossura
2192 332 2344 389 quae

231 416 318 470 (2⁰)
339 407 542 464 contra
593 404 854 464 hostium
907 421 1113 479 specus
1167 405 1365 462 fuerat
1405 421 1551 462 vasa
1590 397 1599 481 Ι
1638 403 1960 478 pendentia
2004 402 2081 462 ad
2133 402 2344 480 plagas

335 495 826 556 ferramentorum
886 510 1095 552 sonare
1149 495 1487 568 coeperunt.
1586 491 1675 550 ita
1730 511 1799 552 ex
1854 509 1923 552 eo
1976 491 2347 550 intellectum

337 587 428 644 est
473 601 591 658 qua
635 581 874 658 regione
920 580 1244 642 adversarii
1289 599 1495 656 specus
1540 584 1783 658 agentes
1826 580 1988 640 intra
2035 582 2346 657 penetrare

283 693 310 737 5
337 671 696 750 cogitabant.
769 669 854 729 sic
888 669 1208 730 lineatione
1253 670 1493 747 cognita
1535 670 1893 745 temperavit
1937 687 2120 728 aenea
2156 687 2347 743 aquae

335 759 620 820 fervenffis
685 761 746 818 et
805 759 954 834 picis
1017 757 1090 818 de
1151 776 1404 835 superno
1458 761 1666 818 contra
1719 759 1919 835 capita
1970 759 2234 818 hostium
2288 760 2348 816 et

341 848 615 910 stercoris
659 848 906 906 humani
951 851 1011 906 et
1052 848 1308 907 harenae
1356 849 1555 908 coctae
1602 848 1923 908 candentis·
1995 846 2131 906 dein
2167 849 2349 904 noctu

231 930 350 1020 (εωΙ
381 937 647 1014 pertudit
699 935 904 995 crebra
949 937 1243 995 foramina.
1289 937 1351 994 et
1391 955 1499 1012 per
1544 955 1613 994 ea
1657 939 1899 1012 repente
1943 934 2347 1012 pertundendo

339 1027 444 1102 qui
503 1026 570 1084 in
631 1043 700 1084 eo
764 1043 940 1101 opere
1009 1026 1251 1084 fuerunt
1317 1025 1517 1084 hostes
1582 1043 1783 1084 omnes
1844 1026 2095 1084 necavit.
2202 1025 2349 1082 item

260 1137 313 1176 ιο
338 1114 608 1174 Massilia
663 1132 796 1172 cum
850 1113 1292 1191 oppugnaretur
1338 1115 1400 1171 et
1451 1131 1694 1172 numero
1748 1131 1927 1189 supra
1973 1131 2096 1171 xxx
2142 1131 2348 1189 specus

203 1212 320 1270 284
337 1207 468 1262 tum
504 1205 764 1281 agerent,
804 1197 813 1281 Ι
853 1202 1214 1262 Massilitani
1248 1201 1535 1277 suspicati
1570 1205 1763 1261 totam
1800 1221 1951 1277 quae
1986 1203 2185 1260 fuerat
2211 1204 2348 1260 ante

339 1313 574 1351 murum
633 1293 855 1352 fossam
909 1292 1120 1350 altiore
1181 1292 1415 1350 fossura
1469 1291 1895 1366 depresserunt.
1994 1291 2081 1349 ita
2140 1307 2349 1364 specus

342 1399 542 1442 omnes
596 1381 786 1440 exitus
838 1382 904 1438 in
954 1381 1178 1440 fossam
1229 1379 1580 1438 habuerunt.
1678 1379 1889 1454 quibus
1943 1381 2144 1437 autem
2203 1379 2350 1437 locis

339 1471 499 1529 fossa
525 1489 645 1529 non
679 1472 959 1548 potuerat
983 1469 1129 1543 fieri,
1161 1468 1323 1528 intra
1350 1487 1585 1527 murum
1610 1467 1957 1526 barathrum
1984 1466 2351 1542 amplissima

207 1571 268 1622 (5)
279 1571 330 1612 15
338 1559 710 1637 longitudine
765 1561 825 1618 et
878 1549 1286 1640 amlplitudine
1340 1557 1431 1616 uti
1483 1557 1775 1634 piscinam
1826 1558 2092 1616 fecerunt
2145 1558 2351 1615 contra

341 1667 476 1708 eum
527 1648 725 1708 locum
779 1666 898 1723 qua
951 1664 1156 1724 specus
1203 1645 1551 1724 agebantur,
1604 1664 1850 1721 eamque
1896 1664 1928 1704 e
1971 1644 2167 1721 puteis
2214 1646 2275 1703 et
2319 1662 2351 1703 e

338 1740 518 1814 portu
561 1735 974 1811 impleverunt.
1044 1736 1248 1810 itaque
1293 1753 1428 1792 cum
1472 1753 1678 1812 specus
1724 1736 1879 1794 esset
1920 1736 2161 1809 repente
2196 1733 2352 1791 nari-

339 1825 450 1884 bus
497 1824 738 1900 apertiS‚
771 1823 1084 1882 vehemens
1129 1840 1320 1898 aquae
1356 1823 1447 1882 vis
1490 1823 1737 1882 inmissa
1783 1821 2193 1901 supplantavit
2234 1821 2352 1880 ful-

341 1915 524 1989 turas,
572 1912 792 1988 quique
835 1911 996 1971 intra
1039 1912 1283 1971 fuerunt
1318 1913 1380 1969 et
1424 1911 1499 1971 ab
1536 1929 1728 1988 aquae
1764 1910 2143 1971 multitudine
2180 1913 2241 1972 et
2276 1909 2351 1969 ab

187 2016 276 2069 (ιο)
289 2017 341 2058 20
349 2002 522 2060 ruina
577 2020 781 2079 specus
835 2019 1037 2059 onmes
1091 2003 1230 2059 sunt
1273 2001 1554 2076 oppressi.
1596 1995 1605 2079 Ι
1646 2000 1829 2060 etiam
1873 2020 2005 2059 cum
2050 2019 2233 2078 agger
2276 1999 2353 2059 ad

341 2110 576 2149 murum
619 2092 825 2149 contra
862 2108 960 2149 eos
997 2092 1441 2165 compararetur
1475 2092 1537 2151 et
1580 2089 1885 2149 arboribus
1923 2090 2130 2149 excisis
2167 2108 2353 2164 eoque

344 2180 664 2239 conlocatis
731 2179 895 2239 locus
958 2178 1231 2257 operibus
1295 2182 1775 2257 exaggeraretur,
1837 2178 2093 2239 banstis
2154 2180 2355 2238 vectes

341 2270 562 2329 ferreos
607 2268 923 2327 candentes
968 2268 1031 2326 in
1074 2267 1138 2326 id
1172 2267 1464 2327 mittendo
1499 2270 1691 2326 totam
1725 2268 2114 2327 munitionem
2148 2285 2352 2343 coege-

341 2359 484 2415 runt
519 2356 896 2435 conflagrare.
967 2355 1202 2416 testudo
1248 2358 1450 2415 autem
1494 2356 1775 2415 arietaria
1819 2376 1952 2415 cum
1996 2356 2073 2415 ad
2116 2374 2354 2413 murum

179 2445 700 2523 (15)s⁵pulsandum
745 2445 1102 2520 accessisset,
1144 2445 1539 2522 permiserunt
1579 2445 1859 2520 laqueum
1898 2438 1908 2523 Ι
1950 2447 2010 2503 et
2055 2463 2123 2504 eo
2169 2444 2353 2502 ariete

344 2534 688 2611 constricto,
740 2554 848 2610 per
899 2537 1252 2610 tympanum
1305 2537 1513 2611 ergata
1557 2534 2017 2611 circumagentes
2071 2551 2353 2609 suspenso

345 2611 540 2699 c‘apite
595 2623 720 2682 eius
772 2642 893 2682 non
937 2624 1077 2682 sunt
1118 2622 1280 2697 passi
1334 2622 1504 2699 tangi
1547 2642 1808 2697 murum,
1860 2621 2114 2698 denique
2162 2624 2355 2681 totam

345 2712 682 2771 machinam
717 2711 1010 2770 malleolis
1048 2709 1431 2769 candentibus
1470 2712 1531 2770 et
1562 2710 1938 2770 ballistarum
1963 2711 2159 2789 plagis
2187 2710 2355 2769 dissi-

343 2802 653 2879 paverunt.
725 2800 814 2860 ita
859 2819 932 2859 ea
966 2799 1215 2861 victoria
1259 2798 1533 2859 civitates
1577 2818 1697 2858 non
1740 2796 2027 2859 machinis
2074 2799 2175 2910 sed
2221 2817 2355 2858 con-

485 3029 517 3077 5
553 3021 850 3077 liniatione
885 3040 941 3077 x.
975 3024 984 3093 Ι
1015 3024 1132 3077 tem
1170 3020 1354 3076 eravit
1379 3021 1526 3077 ΕΘ.
1563 3022 1717 3091 temp
1720 3021 1890 3076 erar&
1926 3023 2057 3093 (-ret
2086 3020 2153 3089 S)
2182 3019 2308 3075 HS.
2336 3020 2357 3092 ΙΙ

345 3100 376 3149 6
414 3095 590 3166 desup
611 3094 790 3219 {naeH
783 3096 976 3148 contra
1003 3091 1083 3161 H,
1158 3108 1369 3163 esupne
1408 3108 1453 3146 c.
1484 3091 1539 3160 S,
1578 3040 1827 3174 desupna
1863 3110 1909 3149 c.
1938 3092 2071 3147 ΕΘ.
2107 3093 2127 3161 ΙΙ
2163 3096 2196 3145 8
2231 3107 2354 3160 per-

342 3112 790 3221 tuditerebraH
868 3163 1006 3219 tulit
1021 3163 1030 3237 Ι
1048 3162 1272 3218 terebra
1297 3162 1393 3233 S).
1428 3162 1621 3235 ptudit
1657 3163 1851 3219 crebra
1887 3162 2223 3233 EG(LPv1
2236 3164 2299 3231 c).
2342 3160 2350 3233 Ι

342 3236 669 3362 ffudendo
657 3236 777 3291 ΕΘ
863 3234 1077 3307 (p.fund
1109 3234 1183 3289 ΘΟ
1208 3260 1276 3279 =
1304 3164 1531 3304 HLP).
1576 3236 1595 3305 ΙΙ
1641 3238 1709 3288 10
1746 3251 1943 3305 specus
1978 3237 2124 3289 tum.
2163 3248 2356 3305 specu-

342 3254 524 3360 fatum
604 3241 918 3376 ΕίῑιιΘΒ)
933 3325 973 3360 :c
1000 3308 1129 3376 (sep.
1168 3304 1397 3374 specula
1431 3306 1496 3359 tu
1525 3306 1633 3375 ΘΟ).
1663 3307 1683 3377 ΙΙ
1720 3254 1811 3361 11p
1821 3303 2134 3359 masilitani
2162 3303 2357 3359 ΗΕΘ

345 3379 536 3446 (mass-
620 3378 734 3448 ⁰.S)
763 3380 782 3447 ΙΙ
812 3382 879 3430 15
907 3378 1059 3432 utE.
1088 3380 1108 3447 ΙΙ
1135 3381 1206 3429 24
1234 3374 1547 3446 conflagare
1568 3376 1637 3431 H
1641 3378 1823 3458 ΕΘ(
1802 3392 1987 3446 -grare
2015 3374 2309 3444 E08PL)
2338 3374 2357 3439 11

347 3453 412 3501 27
452 3448 693 3516 denique
727 3466 793 3503 x.
831 3447 1071 3517 deinque
1112 3449 1200 3504 ΘΟ.
1237 3450 1258 3515 ΙΙ
1294 3451 1364 3500 28
1399 3445 1695 3502 malleonis
1731 3450 1945 3516 (iterum
1982 3464 2032 3501 a.
2072 3447 2137 3515 c.)
2164 3445 2299 3509 EG.
2336 3444 2357 3517 ΙΙ

345 3524 414 3573 29
453 3534 553 3573 eae
590 3518 682 3589 (H
685 3518 740 3588 S
775 3519 882 3574 hae
911 3519 1053 3591 ΕΘ)
1089 3518 1361 3574 victoriae
1398 3517 1639 3573 civitatfi
1673 3520 1774 3587 (-te
1803 3516 1871 3587 S)
1904 3534 1960 3572 ω.

2387 1037 2450 1086 11

2390 2013 2456 2062 12
