2664 3927
778 216 877 270 DE
915 215 1475 272 ARCHITECTURA
1512 217 1645 273 LIB.
1683 216 1777 288 VI,
1816 223 1864 272 1.
1905 225 1936 272 2
2246 218 2363 282 137

335 366 561 427 laudes.
634 369 838 444 itaque
875 368 1137 428 consiliis
1173 368 1452 445 refringit
1485 368 1874 429 barbarorum
1910 369 2181 445 virtutes,
2223 370 2368 428 forti

229 465 318 519 (10)
338 475 522 515 manu
567 457 1029 516 meridianorum
1074 457 1484 535 cogitationes.
1526 453 1535 537 Ι
1576 459 1663 516 ita
1710 458 1911 517 divina
1957 477 2121 517 mens
2160 458 2366 518 civita-

335 549 459 604 tem
513 546 722 623 populi
768 546 1024 604 Romani
1080 547 1321 623 egregia
1374 549 1827 623 temperataque
1880 547 2122 624 regione
2169 549 2366 607 conlo-

337 634 512 712 cavit,
559 635 651 693 uti
697 634 854 694 orbis
901 637 1200 693 terrarum
1242 635 1480 712 imperii
1514 637 1823 712 potiretur.
1901 636 2111 713 quodsi
2147 636 2237 695 ita
2275 640 2366 696 est
2406 652 2470 698 12

283 742 308 782 ⁵
336 724 429 783 uti
474 723 790 784 dissimiles
836 723 1108 801 regiones
1149 723 1223 782 ab
1259 724 1746 784 inclinationibus
1784 726 1934 784 caeli
1970 724 2152 786 variis
2189 745 2365 803 gene-

334 812 498 872 ribus
546 813 669 872 sint
713 815 1118 888 comparatae,
1163 815 1231 871 ut
1277 814 1461 872 etiam
1504 817 1754 873 naturae
1801 815 2069 891 gentium
2114 815 2365 891 dispari-

225 911 316 964 (15)
335 900 445 960 bus
485 901 696 960 animis
727 903 788 960 et
823 919 1136 977 corporum
1172 900 1379 978 figuris
1411 903 1921 980 qualitatibusque
1948 895 2365 986 nalscerentur,

333 1009 455 1050 non
502 990 839 1049 dubitemus
887 989 1289 1050 aedificiorum
1336 1010 1574 1067 quoque
1622 992 1885 1051 rationes
1931 993 2006 1051 ad
2051 993 2365 1052 nationum

335 1079 720 1156 gentiumque
775 1078 1173 1156 proprietates
1231 1081 1369 1155 apte
1426 1079 1776 1139 distribuere
1790 1126 1805 1155 ‚
1861 1101 1995 1140 cum
2039 1081 2363 1141 habeamus

256 1188 309 1227 10
337 1169 411 1227 ab
440 1168 573 1244 ipsa
599 1187 798 1227 rerum
825 1171 1039 1227 natura
1069 1168 1371 1229 sollertem
1399 1171 1460 1227 et
1488 1169 1823 1244 expeditam
1854 1171 2362 1231 monstrationem.

471 1255 678 1326 Quoad
728 1258 902 1333 potui
956 1275 1188 1316 summa
1242 1258 1476 1316 ratione
1530 1257 1926 1333 proprietates
1971 1259 2241 1318 locorum
2287 1259 2361 1318 ab

227 1356 318 1409 (20)
337 1337 570 1427 na}tura
623 1365 820 1405 rerum
865 1346 1186 1424 dispositas
1243 1346 1715 1405 animadvertere
1763 1347 2011 1423 exposui
2056 1350 2117 1406 et
2162 1367 2363 1423 quem-

335 1434 654 1494 admodum
710 1436 784 1494 ad
839 1436 981 1496 solis
1038 1455 1276 1495 cursum
1321 1437 1383 1494 et
1427 1436 1845 1494 inclinationes
1890 1435 2041 1495 caeli
2088 1439 2363 1511 oporteat

335 1524 411 1583 ad
454 1525 724 1602 gentium
767 1525 987 1602 figuras
1025 1524 1385 1585 constituere
1421 1524 1826 1584 aedificiorum
1863 1525 2186 1600 qualitates
2224 1526 2363 1584 dixi.

255 1632 305 1672 15
332 1614 537 1690 itaque
590 1633 748 1673 nunc
804 1614 1174 1692 singulorum
1203 1633 1506 1691 ¹generum
1551 1614 1614 1672 in
1662 1613 1945 1673 aedificiis
1992 1632 2361 1674 commensus

334 1704 812 1778 symmetriarum
857 1706 919 1762 et
953 1690 1260 1763 universos
1299 1705 1360 1762 et
1397 1707 1707 1779 separatos
1741 1702 2001 1762 breviter
2038 1702 2362 1778 explicabo.

223 1801 314 1852 (25)
470 1783 477 1872 Ι
509 1791 696 1850 Nulla
741 1791 1064 1851 architecto
1110 1793 1302 1851 maior
1339 1811 1481 1852 cura
1528 1811 1654 1852 esse
1701 1791 1875 1850 debet
1928 1791 2047 1850 nisi
2090 1792 2179 1850 uti
2226 1811 2359 1868 pro·
2393 1802 2444 1854 II

334 1881 706 1955 portionibus
769 1882 939 1939 ratae
1002 1882 1191 1957 partis
1254 1881 1516 1940 habeant
1580 1880 1849 1940 aedificia
1911 1881 2213 1941 rationum
2268 1900 2363 1940 ex-

335 1969 614 2028 actiones,
705 1988 842 2029 cum
888 1990 1026 2048 ergo
1075 1971 1401 2030 constituta
1447 1971 1933 2047 symmetriarum
1976 1971 2132 2029 ratio
2178 1972 2364 2030 fuerit

193 2066 314 2121 139
337 2060 396 2115 et
442 2077 808 2118 commensus
850 2053 858 2137 Ι
898 2060 1451 2120 ratiocinationibus
1500 2061 1796 2136 explicati,
1841 2064 1971 2119 tum
2008 2061 2192 2118 etiam
2228 2079 2363 2120 acu-

253 2168 304 2206 21
334 2146 510 2205 minis
567 2149 659 2205 est
713 2146 1022 2223 proprium
1066 2148 1378 2225 providere
1425 2148 1503 2207 ad
1546 2152 1827 2208 naturam
1871 2149 1989 2207 loci
2035 2153 2142 2208 aut
2186 2167 2358 2207 usum

335 2239 442 2294 aut
486 2236 744 2312 speciem
791 2234 895 2313 <et
939 2237 1403 2297 detractionibus
1459 2236 1607 2316 aut>
1654 2237 2082 2297 adiectionibus
2138 2241 2361 2314 tempe-

332 2327 568 2384 raturas
616 2324 865 2401 efficere,
911 2344 1045 2384 cum
1089 2326 1162 2385 de
1209 2328 1557 2402 symmetria
1604 2326 1685 2386 sit
1729 2326 2063 2386 detractum
2109 2330 2215 2387 aut
2260 2328 2363 2385 ad.-

254 2424 314 2476 (5)
334 2414 570 2489 iectum‚
614 2414 707 2472 uti
750 2414 815 2472 id
858 2414 1132 2473 videatur
1185 2419 1343 2474 recte
1400 2434 1524 2475 esse
1566 2410 1575 2495 Ι
1614 2417 1939 2475 formatum
1983 2416 2048 2475 in
2095 2418 2362 2492 aspectu-

251 2522 305 2563 25
336 2522 448 2579 que
493 2503 645 2562 nihil
699 2502 1080 2563 desideretur.
1171 2504 1292 2562 alia
1349 2504 1507 2563 enim
1552 2504 1631 2563 ad
1674 2524 1920 2563 manum
1964 2505 2188 2581 species
2236 2524 2360 2564 esse
2401 2520 2430 2565 2

331 2591 584 2668 videtur,
633 2582 754 2650 alia
798 2592 863 2649 in
911 2592 1155 2667 excelso,
1200 2612 1321 2652 non
1368 2594 1574 2653 eadem
1614 2594 1678 2652 in
1716 2595 2008 2669 concluso,
2056 2594 2359 2653 dissimilis

331 2680 395 2739 in
443 2684 666 2757 aperte,
710 2681 776 2739 in
823 2681 1035 2758 quibus
1080 2683 1284 2758 magni
1326 2682 1535 2741 iudicii
1581 2686 1672 2742 est
1717 2702 1896 2759 opera
1935 2682 2078 2759 quid
2120 2684 2363 2742 tandem

333 2771 413 2829 sit
456 2770 817 2829 faciundum.
890 2790 1009 2830 non
1056 2770 1214 2829 enim
1258 2790 1430 2831 veros
1474 2771 1712 2830 videtur
1755 2771 1971 2830 habere
2017 2772 2178 2831 visus
2226 2773 2360 2831 effe·

225 2870 312 2920 (10)
333 2862 489 2935 oms,
545 2860 647 2919 sed
700 2859 934 2918 fallitur
987 2859 1221 2935 saepius
1266 2859 1488 2920 iudicio
1536 2859 1608 2918 ab
1656 2879 1724 2919 eo
1770 2879 1953 2919 mens.
2012 2856 2020 2939 Ι
2080 2861 2359 2937 quemad·

250 2968 304 3009 30
331 2948 574 3009 modum
620 2948 803 3007 etiam
848 2948 912 3008 in
958 2949 1184 3007 scaenis
1231 2948 1409 3024 pictis
1447 2948 1725 3008 videntur
1771 2950 2179 3008 columnarum
2223 2970 2358 3026 pro-

475 3159 506 3206 2
553 3170 750 3207 manu:
807 3169 979 3207 manu
1024 3151 1274 3207 consiliis
1299 3164 1361 3209 'x
1406 3155 1535 3235 (pro
1580 3157 1806 3223 repetito
1855 3156 2185 3225 praecedens
2230 3172 2358 3209 con-

335 3222 477 3278 siliis
514 3226 651 3280 delet
689 3224 800 3293 ΘΟ).
855 3226 874 3294 ΙΙ
928 3228 960 3276 3
997 3224 1193 3295 populi
1228 3241 1450 3279 romam
1487 3224 1622 3281 HS:
1669 3226 1889 3281 romani
1934 3226 2131 3297 populi
2168 3226 2303 3282 EG.
2349 3226 2356 3298 Ι

334 3295 716 3436 farsas
735 3295 1702 3437 usmetum
1732 3314 1819 3438 ff.
1836 3300 1855 3368 ¹¹
1902 3295 2359 3366 ...H

337 3383 492 3492 3⁰21.
520 3411 782 3509 Hs(G⁰)=
813 3455 914 3493 om.
940 3438 1077 3493 EG.
1106 3441 1126 3508 ιι
1155 3444 1219 3492 17
1249 3410 1427 3492 Nuua'.
1456 3439 1591 3495 Hs:
1622 3412 1711 3495 -10'
1735 3439 1801 3495 G.
1830 3387 1944 3510 ”322
1976 3441 2033 3493 et
2059 3387 2361 3495 deti-'abuti'

334 3507 502 3563 nibus
541 3511 642 3563 aut
677 3526 778 3563 om.
808 3526 862 3564 x.
919 3512 939 3579 ΙΙ
994 3514 1060 3563 25
1099 3509 1311 3579 species
1352 3526 1411 3564 se
1446 3528 1499 3565 v.
1529 3511 1608 3567 H.
1662 3514 1682 3581 11
1737 3516 1804 3565 28
1842 3509 2169 3566 faciundum
2206 3512 2274 3565 H
2282 3511 2357 3566 G:

337 3580 513 3633 -endii
541 3580 595 3635 S.
643 3582 662 3650 ΙΙ
707 3585 776 3633 30
814 3579 994 3654 scenis
1028 3581 1104 3638 G:
1143 3585 1296 3657 caeoe
1325 3580 1487 3651 S)nis
1518 3582 1642 3639 HS.
