<?xml version="1.0" encoding="UTF-8"?>
<!DOCTYPE html PUBLIC "-//W3C//DTD XHTML 1.0 Transitional//EN"
    "http://www.w3.org/TR/xhtml1/DTD/xhtml1-transitional.dtd">
<html xmlns="http://www.w3.org/1999/xhtml" xml:lang="en" lang="en">
 <head>
  <title>
</title>
<meta http-equiv="Content-Type" content="text/html;charset=utf-8" />
  <meta name='ocr-system' content='tesseract 3.04.00' />
  <meta name='ocr-capabilities' content='ocr_page ocr_carea ocr_par ocr_line ocrx_word'/>
</head>
<body>
  <div class='ocr_page' id='page_1' title='image "./vitruviidearchi00pollgoog_0252.png"; bbox 0 0 2664 3927; ppageno 0'>
   <div class='ocr_carea' id='block_1_1' title="bbox 329 175 1507 241">
    <p class='ocr_par' dir='ltr' id='par_1_1' title="bbox 329 175 1507 241">
     <span class='ocr_line' id='line_1_1' title="bbox 329 175 1507 241; baseline -0.011 0"><span class='ocrx_word' id='word_1_1' title='bbox 329 177 462 241; x_wconf 83' lang='grc'>216</span> <span class='ocrx_word' id='word_1_2' title='bbox 1176 175 1507 230; x_wconf 84' lang='lat' dir='ltr'>VITRUVII</span> 
     </span>
    </p>
   </div>
   <div class='ocr_carea' id='block_1_2' title="bbox 257 325 2497 2786">
    <p class='ocr_par' dir='ltr' id='par_1_2' title="bbox 257 325 2497 2786">
     <span class='ocr_line' id='line_1_2' title="bbox 328 325 2353 405; baseline 0 -19"><span class='ocrx_word' id='word_1_3' title='bbox 328 347 464 386; x_wconf 90' lang='lat' dir='ltr'>rum</span> <span class='ocrx_word' id='word_1_4' title='bbox 519 329 580 385; x_wconf 90' lang='lat' dir='ltr'>et</span> <span class='ocrx_word' id='word_1_5' title='bbox 634 326 878 386; x_wconf 78' lang='lat' dir='ltr'><strong>umbrae</strong></span> <span class='ocrx_word' id='word_1_6' title='bbox 934 345 1297 405; x_wconf 84' lang='lat' dir='ltr'>gnomonum</span> <span class='ocrx_word' id='word_1_7' title='bbox 1341 326 1623 385; x_wconf 88' lang='lat' dir='ltr'>horarum</span> <span class='ocrx_word' id='word_1_8' title='bbox 1668 325 2107 402; x_wconf 77' lang='lat' dir='ltr'><strong>descriptiones.</strong></span> <span class='ocrx_word' id='word_1_9' title='bbox 2200 342 2353 386; x_wconf 89' lang='grc' dir='ltr'>ανα-</span> 
     </span>
     <span class='ocr_line' id='line_1_3' title="bbox 333 414 2353 494; baseline -0.001 -18"><span class='ocrx_word' id='word_1_10' title='bbox 333 417 543 490; x_wconf 86' lang='grc' dir='ltr'>λημμα</span> <span class='ocrx_word' id='word_1_11' title='bbox 581 419 674 475; x_wconf 89' lang='lat' dir='ltr'>est</span> <span class='ocrx_word' id='word_1_12' title='bbox 705 415 864 475; x_wconf 89' lang='lat' dir='ltr'>ratio</span> <span class='ocrx_word' id='word_1_13' title='bbox 901 415 1236 494; x_wconf 84' lang='lat' dir='ltr'>conquisita</span> <span class='ocrx_word' id='word_1_14' title='bbox 1272 414 1413 476; x_wconf 89' lang='lat' dir='ltr'>solis</span> <span class='ocrx_word' id='word_1_15' title='bbox 1451 433 1629 474; x_wconf 88' lang='lat' dir='ltr'>cursu</span> <span class='ocrx_word' id='word_1_16' title='bbox 1668 417 1727 472; x_wconf 91' lang='lat' dir='ltr'>et</span> <span class='ocrx_word' id='word_1_17' title='bbox 1760 414 2008 474; x_wconf 81' lang='lat' dir='ltr'><strong>umbrae</strong></span> <span class='ocrx_word' id='word_1_18' title='bbox 2036 415 2353 474; x_wconf 89' lang='lat' dir='ltr'>crescentis</span> 
     </span>
     <span class='ocr_line' id='line_1_4' title="bbox 332 503 2356 579; baseline -0.001 -16"><span class='ocrx_word' id='word_1_19' title='bbox 332 505 411 563; x_wconf 94' lang='lat' dir='ltr'>ad</span> <span class='ocrx_word' id='word_1_20' title='bbox 443 505 716 564; x_wconf 85' lang='lat' dir='ltr'>brumam</span> <span class='ocrx_word' id='word_1_21' title='bbox 754 505 1164 564; x_wconf 86' lang='lat' dir='ltr'>observatione</span> <span class='ocrx_word' id='word_1_22' title='bbox 1198 504 1463 579; x_wconf 91' lang='lat' dir='ltr'>inventa,</span> <span class='ocrx_word' id='word_1_23' title='bbox 1498 524 1530 562; x_wconf 93' lang='lat' dir='ltr'>e</span> <span class='ocrx_word' id='word_1_24' title='bbox 1570 522 1689 579; x_wconf 88' lang='lat' dir='ltr'>qua</span> <span class='ocrx_word' id='word_1_25' title='bbox 1723 523 1831 578; x_wconf 90' lang='lat' dir='ltr'>per</span> <span class='ocrx_word' id='word_1_26' title='bbox 1862 503 2125 564; x_wconf 89' lang='lat' dir='ltr'>rationes</span> <span class='ocrx_word' id='word_1_27' title='bbox 2164 505 2356 562; x_wconf 87' lang='lat' dir='ltr'>archi—</span> 
     </span>
     <span class='ocr_line' id='line_1_5' title="bbox 331 584 2497 673; baseline 0.001 -20"><span class='ocrx_word' id='word_1_28' title='bbox 331 594 658 654; x_wconf 73' lang='lat' dir='ltr'>tectonicas</span> <span class='ocrx_word' id='word_1_29' title='bbox 717 594 1038 668; x_wconf 79' lang='lat' dir='ltr'>circinique</span> <span class='ocrx_word' id='word_1_30' title='bbox 1098 592 1523 669; x_wconf 77' lang='lat' dir='ltr'>descriptiones</span> <span class='ocrx_word' id='word_1_31' title='bbox 1578 595 1670 651; x_wconf 90' lang='lat' dir='ltr'>est</span> <span class='ocrx_word' id='word_1_32' title='bbox 1718 584 1726 673; x_wconf 89' lang='grc' dir='ltr'>Ι</span> <span class='ocrx_word' id='word_1_33' title='bbox 1774 591 2051 653; x_wconf 89' lang='lat' dir='ltr'>inventus</span> <span class='ocrx_word' id='word_1_34' title='bbox 2107 593 2350 652; x_wconf 88' lang='lat' dir='ltr'>effectus</span> <span class='ocrx_word' id='word_1_35' title='bbox 2372 600 2497 656; x_wconf 77' lang='lat'>219</span> 
     </span>
     <span class='ocr_line' id='line_1_6' title="bbox 257 682 2411 744; baseline -0.001 0"><span class='ocrx_word' id='word_1_36' title='bbox 257 698 295 744; x_wconf 78' lang='lat'>2</span> <span class='ocrx_word' id='word_1_37' title='bbox 333 684 396 742; x_wconf 92' lang='lat' dir='ltr'>in</span> <span class='ocrx_word' id='word_1_38' title='bbox 460 683 702 742; x_wconf 85' lang='lat' dir='ltr'>mund0.</span> <span class='ocrx_word' id='word_1_39' title='bbox 789 682 1046 742; x_wconf 88' lang='lat' dir='ltr'>mundus</span> <span class='ocrx_word' id='word_1_40' title='bbox 1109 685 1311 741; x_wconf 89' lang='lat' dir='ltr'>autem</span> <span class='ocrx_word' id='word_1_41' title='bbox 1376 685 1468 741; x_wconf 88' lang='lat' dir='ltr'>est</span> <span class='ocrx_word' id='word_1_42' title='bbox 1530 682 1791 740; x_wconf 86' lang='lat' dir='ltr'>omnium</span> <span class='ocrx_word' id='word_1_43' title='bbox 1853 685 2105 741; x_wconf 89' lang='lat' dir='ltr'>naturae</span> <span class='ocrx_word' id='word_1_44' title='bbox 2156 701 2357 740; x_wconf 90' lang='lat' dir='ltr'>rerum</span> <span class='ocrx_word' id='word_1_45' title='bbox 2384 701 2411 742; x_wconf 83' lang='lat'><strong>5</strong></span> 
     </span>
     <span class='ocr_line' id='line_1_7' title="bbox 333 770 2355 846; baseline 0 -15"><span class='ocrx_word' id='word_1_46' title='bbox 333 772 639 846; x_wconf 85' lang='lat' dir='ltr'>conceptio</span> <span class='ocrx_word' id='word_1_47' title='bbox 677 789 907 830; x_wconf 90' lang='lat' dir='ltr'>summa</span> <span class='ocrx_word' id='word_1_48' title='bbox 943 771 1290 846; x_wconf 89' lang='lat' dir='ltr'>caelumque</span> <span class='ocrx_word' id='word_1_49' title='bbox 1327 770 1614 830; x_wconf 88' lang='lat' dir='ltr'>sideribus</span> <span class='ocrx_word' id='word_1_50' title='bbox 1652 773 1713 829; x_wconf 89' lang='lat' dir='ltr'>et</span> <span class='ocrx_word' id='word_1_51' title='bbox 1748 771 2059 829; x_wconf 89' lang='lat' dir='ltr'>stellarum</span> <span class='ocrx_word' id='word_1_52' title='bbox 2086 770 2355 832; x_wconf 86' lang='lat' dir='ltr'>cursibus</span> 
     </span>
     <span class='ocr_line' id='line_1_8' title="bbox 329 859 2356 934; baseline -0 -15"><span class='ocrx_word' id='word_1_53' title='bbox 329 862 788 919; x_wconf 77' lang='lat' dir='ltr'>conformatum.</span> <span class='ocrx_word' id='word_1_54' title='bbox 850 859 914 918; x_wconf 88' lang='lat' dir='ltr'>id</span> <span class='ocrx_word' id='word_1_55' title='bbox 949 859 1214 918; x_wconf 87' lang='lat' dir='ltr'>volvitur</span> <span class='ocrx_word' id='word_1_56' title='bbox 1249 860 1621 918; x_wconf 81' lang='lat' dir='ltr'>continenter</span> <span class='ocrx_word' id='word_1_57' title='bbox 1656 860 1877 918; x_wconf 88' lang='lat' dir='ltr'>circum</span> <span class='ocrx_word' id='word_1_58' title='bbox 1910 863 2136 918; x_wconf 88' lang='lat' dir='ltr'>terram</span> <span class='ocrx_word' id='word_1_59' title='bbox 2172 863 2356 934; x_wconf 87' lang='lat' dir='ltr'>atque</span> 
     </span>
     <span class='ocr_line' id='line_1_9' title="bbox 331 943 2444 1027; baseline 0.001 -20"><span class='ocrx_word' id='word_1_60' title='bbox 331 968 495 1007; x_wconf 89' lang='lat' dir='ltr'>mare</span> <span class='ocrx_word' id='word_1_61' title='bbox 550 968 658 1024; x_wconf 89' lang='lat' dir='ltr'>per</span> <span class='ocrx_word' id='word_1_62' title='bbox 711 949 836 1008; x_wconf 81' lang='lat' dir='ltr'>axis</span> <span class='ocrx_word' id='word_1_63' title='bbox 891 949 1157 1009; x_wconf 77' lang='lat' dir='ltr'>cardines</span> <span class='ocrx_word' id='word_1_64' title='bbox 1213 952 1521 1008; x_wconf 84' lang='lat' dir='ltr'>extremos.</span> <span class='ocrx_word' id='word_1_65' title='bbox 1611 967 1869 1024; x_wconf 88' lang='lat' dir='ltr'>namque</span> <span class='ocrx_word' id='word_1_66' title='bbox 1915 948 1980 1007; x_wconf 90' lang='lat' dir='ltr'>in</span> <span class='ocrx_word' id='word_1_67' title='bbox 2020 943 2028 1027; x_wconf 91' lang='grc' dir='ltr'>Ι</span> <span class='ocrx_word' id='word_1_68' title='bbox 2066 949 2160 1007; x_wconf 90' lang='lat' dir='ltr'>his</span> <span class='ocrx_word' id='word_1_69' title='bbox 2205 949 2354 1008; x_wconf 92' lang='lat' dir='ltr'>locis</span> <span class='ocrx_word' id='word_1_70' title='bbox 2375 959 2444 1010; x_wconf 83' lang='lat'>(5)</span> 
     </span>
     <span class='ocr_line' id='line_1_10' title="bbox 331 1037 2354 1114; baseline 0 -19"><span class='ocrx_word' id='word_1_71' title='bbox 331 1038 624 1096; x_wconf 87' lang='lat' dir='ltr'>naturalis</span> <span class='ocrx_word' id='word_1_72' title='bbox 677 1040 944 1114; x_wconf 88' lang='lat' dir='ltr'>potestas</span> <span class='ocrx_word' id='word_1_73' title='bbox 999 1037 1088 1096; x_wconf 90' lang='lat' dir='ltr'>ita</span> <span class='ocrx_word' id='word_1_74' title='bbox 1143 1038 1535 1096; x_wconf 80' lang='lat' dir='ltr'>architectata.</span> <span class='ocrx_word' id='word_1_75' title='bbox 1591 1041 1681 1096; x_wconf 89' lang='lat' dir='ltr'>est</span> <span class='ocrx_word' id='word_1_76' title='bbox 1733 1038 2183 1113; x_wconf 80' lang='lat' dir='ltr'>conlocavitque</span> <span class='ocrx_word' id='word_1_77' title='bbox 2228 1057 2354 1096; x_wconf 85' lang='lat' dir='ltr'>car-</span> 
     </span>
     <span class='ocr_line' id='line_1_11' title="bbox 331 1125 2445 1203; baseline 0 -19"><span class='ocrx_word' id='word_1_78' title='bbox 331 1125 499 1185; x_wconf 83' lang='lat' dir='ltr'>dines</span> <span class='ocrx_word' id='word_1_79' title='bbox 549 1129 860 1203; x_wconf 85' lang='lat' dir='ltr'>tamquam</span> <span class='ocrx_word' id='word_1_80' title='bbox 907 1129 1135 1200; x_wconf 85' lang='lat' dir='ltr'>centra,</span> <span class='ocrx_word' id='word_1_81' title='bbox 1189 1147 1377 1185; x_wconf 88' lang='lat' dir='ltr'>unum</span> <span class='ocrx_word' id='word_1_82' title='bbox 1422 1147 1457 1185; x_wconf 91' lang='lat' dir='ltr'>a</span> <span class='ocrx_word' id='word_1_83' title='bbox 1502 1140 1665 1185; x_wconf 85' lang='lat' dir='ltr'>terra</span> <span class='ocrx_word' id='word_1_84' title='bbox 1709 1130 1769 1185; x_wconf 92' lang='lat' dir='ltr'>et</span> <span class='ocrx_word' id='word_1_85' title='bbox 1813 1127 1966 1185; x_wconf 88' lang='lat' dir='ltr'>mari</span> <span class='ocrx_word' id='word_1_86' title='bbox 2011 1127 2074 1184; x_wconf 90' lang='lat' dir='ltr'>in</span> <span class='ocrx_word' id='word_1_87' title='bbox 2120 1145 2354 1186; x_wconf 89' lang='lat' dir='ltr'>summo</span> <span class='ocrx_word' id='word_1_88' title='bbox 2385 1146 2445 1184; x_wconf 95' lang='lat' dir='ltr'>1o</span> 
     </span>
     <span class='ocr_line' id='line_1_12' title="bbox 331 1215 2356 1291; baseline 0.001 -19"><span class='ocrx_word' id='word_1_89' title='bbox 331 1215 553 1274; x_wconf 90' lang='lat' dir='ltr'>mundo</span> <span class='ocrx_word' id='word_1_90' title='bbox 601 1234 669 1274; x_wconf 84' lang='lat' dir='ltr'>ac</span> <span class='ocrx_word' id='word_1_91' title='bbox 713 1218 851 1291; x_wconf 87' lang='lat' dir='ltr'>post</span> <span class='ocrx_word' id='word_1_92' title='bbox 893 1215 1056 1290; x_wconf 88' lang='lat' dir='ltr'>ipsas</span> <span class='ocrx_word' id='word_1_93' title='bbox 1103 1216 1305 1274; x_wconf 86' lang='lat' dir='ltr'>stellas</span> <span class='ocrx_word' id='word_1_94' title='bbox 1352 1215 1847 1291; x_wconf 84' lang='lat' dir='ltr'>septentrionum,</span> <span class='ocrx_word' id='word_1_95' title='bbox 1898 1216 2153 1273; x_wconf 86' lang='lat' dir='ltr'>alterum</span> <span class='ocrx_word' id='word_1_96' title='bbox 2187 1218 2356 1274; x_wconf 90' lang='lat' dir='ltr'>trans</span> 
     </span>
     <span class='ocr_line' id='line_1_13' title="bbox 333 1303 2356 1380; baseline 0 -18"><span class='ocrx_word' id='word_1_97' title='bbox 333 1307 542 1363; x_wconf 90' lang='lat' dir='ltr'>contra</span> <span class='ocrx_word' id='word_1_98' title='bbox 589 1304 696 1363; x_wconf 89' lang='lat' dir='ltr'>sub</span> <span class='ocrx_word' id='word_1_99' title='bbox 741 1307 902 1363; x_wconf 85' lang='lat' dir='ltr'>terra</span> <span class='ocrx_word' id='word_1_100' title='bbox 939 1305 1010 1368; x_wconf 85' lang='lat' dir='ltr'>in</span> <span class='ocrx_word' id='word_1_101' title='bbox 1045 1304 1390 1363; x_wconf 86' lang='lat' dir='ltr'>meridianis</span> <span class='ocrx_word' id='word_1_102' title='bbox 1426 1303 1714 1379; x_wconf 78' lang='lat' dir='ltr'>partibuS,</span> <span class='ocrx_word' id='word_1_103' title='bbox 1759 1304 1960 1380; x_wconf 87' lang='lat' dir='ltr'>ibique</span> <span class='ocrx_word' id='word_1_104' title='bbox 1997 1304 2217 1362; x_wconf 91' lang='lat' dir='ltr'>circum</span> <span class='ocrx_word' id='word_1_105' title='bbox 2256 1322 2356 1362; x_wconf 90' lang='lat' dir='ltr'>eos</span> 
     </span>
     <span class='ocr_line' id='line_1_14' title="bbox 332 1393 2358 1469; baseline -0.001 -17"><span class='ocrx_word' id='word_1_106' title='bbox 332 1393 604 1453; x_wconf 89' lang='lat' dir='ltr'>cardines</span> <span class='ocrx_word' id='word_1_107' title='bbox 651 1393 945 1453; x_wconf 75' lang='lat' dir='ltr'>orbiculos</span> <span class='ocrx_word' id='word_1_108' title='bbox 992 1394 1212 1452; x_wconf 90' lang='lat' dir='ltr'>circum</span> <span class='ocrx_word' id='word_1_109' title='bbox 1257 1396 1462 1452; x_wconf 87' lang='lat' dir='ltr'>centra</span> <span class='ocrx_word' id='word_1_110' title='bbox 1501 1394 1593 1451; x_wconf 91' lang='lat' dir='ltr'>uti</span> <span class='ocrx_word' id='word_1_111' title='bbox 1630 1394 1693 1451; x_wconf 96' lang='lat' dir='ltr'>in</span> <span class='ocrx_word' id='word_1_112' title='bbox 1727 1396 1902 1452; x_wconf 90' lang='lat' dir='ltr'>torno</span> <span class='ocrx_word' id='word_1_113' title='bbox 1938 1393 2205 1469; x_wconf 87' lang='lat' dir='ltr'>perfecit,</span> <span class='ocrx_word' id='word_1_114' title='bbox 2253 1393 2358 1468; x_wconf 93' lang='lat' dir='ltr'>qui</span> 
     </span>
     <span class='ocr_line' id='line_1_15' title="bbox 337 1474 2473 1563; baseline 0 -22"><span class='ocrx_word' id='word_1_115' title='bbox 337 1474 346 1563; x_wconf 65' lang='grc'>1</span> <span class='ocrx_word' id='word_1_116' title='bbox 377 1501 587 1559; x_wconf 88' lang='lat' dir='ltr'>graece</span> <span class='ocrx_word' id='word_1_117' title='bbox 633 1481 825 1541; x_wconf 88' lang='grc' dir='ltr'>πολοι</span> <span class='ocrx_word' id='word_1_118' title='bbox 860 1482 1260 1556; x_wconf 82' lang='lat' dir='ltr'>nominantur,</span> <span class='ocrx_word' id='word_1_119' title='bbox 1302 1501 1411 1557; x_wconf 86' lang='lat' dir='ltr'>per</span> <span class='ocrx_word' id='word_1_120' title='bbox 1448 1500 1598 1557; x_wconf 91' lang='lat' dir='ltr'>quos</span> <span class='ocrx_word' id='word_1_121' title='bbox 1634 1482 1961 1557; x_wconf 84' lang='lat' dir='ltr'>pervolitat</span> <span class='ocrx_word' id='word_1_122' title='bbox 1994 1481 2355 1557; x_wconf 89' lang='lat' dir='ltr'>sempiterno</span> <span class='ocrx_word' id='word_1_123' title='bbox 2376 1493 2473 1542; x_wconf 87' lang='lat'>(1⁰)</span> 
     </span>
     <span class='ocr_line' id='line_1_16' title="bbox 333 1570 2441 1638; baseline 0 -9"><span class='ocrx_word' id='word_1_124' title='bbox 333 1572 580 1630; x_wconf 86' lang='lat' dir='ltr'>caelum.</span> <span class='ocrx_word' id='word_1_125' title='bbox 651 1571 741 1629; x_wconf 90' lang='lat' dir='ltr'>ita</span> <span class='ocrx_word' id='word_1_126' title='bbox 783 1570 982 1629; x_wconf 89' lang='lat' dir='ltr'>media</span> <span class='ocrx_word' id='word_1_127' title='bbox 1025 1573 1187 1628; x_wconf 90' lang='lat' dir='ltr'>terra</span> <span class='ocrx_word' id='word_1_128' title='bbox 1233 1590 1371 1629; x_wconf 91' lang='lat' dir='ltr'>cum</span> <span class='ocrx_word' id='word_1_129' title='bbox 1416 1571 1568 1628; x_wconf 88' lang='lat' dir='ltr'>mari</span> <span class='ocrx_word' id='word_1_130' title='bbox 1605 1571 1793 1629; x_wconf 88' lang='lat' dir='ltr'>centri</span> <span class='ocrx_word' id='word_1_131' title='bbox 1828 1571 1959 1638; x_wconf 87' lang='lat' dir='ltr'>loco</span> <span class='ocrx_word' id='word_1_132' title='bbox 1996 1570 2357 1630; x_wconf 84' lang='lat' dir='ltr'>naturaliter</span> <span class='ocrx_word' id='word_1_133' title='bbox 2386 1589 2441 1630; x_wconf 88' lang='lat'>15</span> 
     </span>
     <span class='ocr_line' id='line_1_17' title="bbox 261 1659 2359 1735; baseline -0.001 -16"><span class='ocrx_word' id='word_1_134' title='bbox 261 1674 296 1720; x_wconf 83' lang='lat'><strong>3</strong></span> <span class='ocrx_word' id='word_1_135' title='bbox 334 1665 426 1719; x_wconf 89' lang='lat' dir='ltr'>est</span> <span class='ocrx_word' id='word_1_136' title='bbox 470 1659 793 1718; x_wconf 84' lang='lat' dir='ltr'>conlocata.</span> <span class='ocrx_word' id='word_1_137' title='bbox 883 1659 976 1718; x_wconf 86' lang='lat' dir='ltr'>his</span> <span class='ocrx_word' id='word_1_138' title='bbox 1019 1662 1240 1719; x_wconf 89' lang='lat' dir='ltr'>natura</span> <span class='ocrx_word' id='word_1_139' title='bbox 1283 1659 1588 1734; x_wconf 86' lang='lat' dir='ltr'>dispositis</span> <span class='ocrx_word' id='word_1_140' title='bbox 1633 1659 1723 1718; x_wconf 93' lang='lat' dir='ltr'>ita</span> <span class='ocrx_word' id='word_1_141' title='bbox 1767 1661 1861 1718; x_wconf 92' lang='lat' dir='ltr'>uti</span> <span class='ocrx_word' id='word_1_142' title='bbox 1906 1659 2359 1735; x_wconf 69' lang='lat' dir='ltr'>septentrionali</span> 
     </span>
     <span class='ocr_line' id='line_1_18' title="bbox 332 1747 2358 1824; baseline 0 -18"><span class='ocrx_word' id='word_1_143' title='bbox 332 1752 506 1824; x_wconf 90' lang='lat' dir='ltr'>parte</span> <span class='ocrx_word' id='word_1_144' title='bbox 569 1767 606 1806; x_wconf 91' lang='lat' dir='ltr'>a</span> <span class='ocrx_word' id='word_1_145' title='bbox 669 1751 830 1806; x_wconf 89' lang='lat' dir='ltr'>terra</span> <span class='ocrx_word' id='word_1_146' title='bbox 893 1747 1178 1806; x_wconf 84' lang='lat' dir='ltr'>excelsius</span> <span class='ocrx_word' id='word_1_147' title='bbox 1229 1748 1450 1807; x_wconf 83' lang='lat' dir='ltr'>habeat</span> <span class='ocrx_word' id='word_1_148' title='bbox 1503 1748 1882 1807; x_wconf 89' lang='lat' dir='ltr'>altitudinem</span> <span class='ocrx_word' id='word_1_149' title='bbox 1935 1749 2231 1821; x_wconf 88' lang='lat' dir='ltr'>centrum,</span> <span class='ocrx_word' id='word_1_150' title='bbox 2291 1748 2358 1806; x_wconf 89' lang='lat' dir='ltr'>in</span> 
     </span>
     <span class='ocr_line' id='line_1_19' title="bbox 334 1837 2357 1912; baseline 0 -18"><span class='ocrx_word' id='word_1_151' title='bbox 334 1837 665 1895; x_wconf 87' lang='lat' dir='ltr'>meridiana</span> <span class='ocrx_word' id='word_1_152' title='bbox 721 1839 921 1895; x_wconf 91' lang='lat' dir='ltr'>autem</span> <span class='ocrx_word' id='word_1_153' title='bbox 973 1840 1144 1912; x_wconf 88' lang='lat' dir='ltr'>parte</span> <span class='ocrx_word' id='word_1_154' title='bbox 1198 1838 1262 1895; x_wconf 93' lang='lat' dir='ltr'>in</span> <span class='ocrx_word' id='word_1_155' title='bbox 1315 1837 1695 1897; x_wconf 87' lang='lat' dir='ltr'>inferioribus</span> <span class='ocrx_word' id='word_1_156' title='bbox 1749 1838 1894 1896; x_wconf 90' lang='lat' dir='ltr'>locis</span> <span class='ocrx_word' id='word_1_157' title='bbox 1941 1837 2275 1896; x_wconf 89' lang='lat' dir='ltr'>subiectum</span> <span class='ocrx_word' id='word_1_158' title='bbox 2318 1855 2357 1894; x_wconf 89' lang='lat' dir='ltr'>a</span> 
     </span>
     <span class='ocr_line' id='line_1_20' title="bbox 332 1920 2473 2004; baseline 0.001 -19"><span class='ocrx_word' id='word_1_159' title='bbox 332 1929 495 1985; x_wconf 86' lang='lat' dir='ltr'>terra</span> <span class='ocrx_word' id='word_1_160' title='bbox 536 1920 543 2004; x_wconf 93' lang='grc' dir='ltr'>Ι</span> <span class='ocrx_word' id='word_1_161' title='bbox 586 1925 959 2001; x_wconf 89' lang='lat' dir='ltr'>obscuretur,</span> <span class='ocrx_word' id='word_1_162' title='bbox 1012 1929 1155 1986; x_wconf 90' lang='lat' dir='ltr'>tunc</span> <span class='ocrx_word' id='word_1_163' title='bbox 1209 1926 1393 1985; x_wconf 88' lang='lat' dir='ltr'>etiam</span> <span class='ocrx_word' id='word_1_164' title='bbox 1446 1946 1554 2003; x_wconf 90' lang='lat' dir='ltr'>per</span> <span class='ocrx_word' id='word_1_165' title='bbox 1605 1925 1866 1986; x_wconf 89' lang='lat' dir='ltr'>medium</span> <span class='ocrx_word' id='word_1_166' title='bbox 1910 1929 2249 1986; x_wconf 85' lang='lat' dir='ltr'>transversa</span> <span class='ocrx_word' id='word_1_167' title='bbox 2296 1928 2359 1985; x_wconf 89' lang='lat' dir='ltr'>et</span> <span class='ocrx_word' id='word_1_168' title='bbox 2378 1936 2473 1989; x_wconf 82' lang='lat'><strong>(15)</strong></span> 
     </span>
     <span class='ocr_line' id='line_1_21' title="bbox 333 2014 2442 2093; baseline 0.001 -21"><span class='ocrx_word' id='word_1_169' title='bbox 333 2014 624 2073; x_wconf 89' lang='lat' dir='ltr'>inclinata</span> <span class='ocrx_word' id='word_1_170' title='bbox 667 2015 731 2073; x_wconf 92' lang='lat' dir='ltr'>in</span> <span class='ocrx_word' id='word_1_171' title='bbox 775 2015 1084 2074; x_wconf 87' lang='lat' dir='ltr'>meridiem</span> <span class='ocrx_word' id='word_1_172' title='bbox 1128 2014 1339 2075; x_wconf 83' lang='lat' dir='ltr'>circuli</span> <span class='ocrx_word' id='word_1_173' title='bbox 1382 2017 1509 2075; x_wconf 86' lang='lat' dir='ltr'>lata</span> <span class='ocrx_word' id='word_1_174' title='bbox 1554 2035 1703 2076; x_wconf 87' lang='lat' dir='ltr'>zona</span> <span class='ocrx_word' id='word_1_175' title='bbox 1739 2034 1827 2074; x_wconf 76' lang='grc' dir='ltr'>ΧΠ</span> <span class='ocrx_word' id='word_1_176' title='bbox 1872 2015 2057 2093; x_wconf 86' lang='lat' dir='ltr'>signis</span> <span class='ocrx_word' id='word_1_177' title='bbox 2094 2018 2186 2075; x_wconf 91' lang='lat' dir='ltr'>est</span> <span class='ocrx_word' id='word_1_178' title='bbox 2221 2034 2356 2073; x_wconf 92' lang='lat' dir='ltr'>con-</span> <span class='ocrx_word' id='word_1_179' title='bbox 2386 2037 2442 2075; x_wconf 79' lang='lat'>20</span> 
     </span>
     <span class='ocr_line' id='line_1_22' title="bbox 331 2104 2357 2181; baseline 0.001 -20"><span class='ocrx_word' id='word_1_180' title='bbox 331 2104 618 2178; x_wconf 85' lang='lat' dir='ltr'>formata,</span> <span class='ocrx_word' id='word_1_181' title='bbox 690 2122 942 2178; x_wconf 91' lang='lat' dir='ltr'>quorum</span> <span class='ocrx_word' id='word_1_182' title='bbox 1013 2105 1236 2179; x_wconf 91' lang='lat' dir='ltr'>species</span> <span class='ocrx_word' id='word_1_183' title='bbox 1307 2105 1497 2164; x_wconf 88' lang='lat' dir='ltr'>stellis</span> <span class='ocrx_word' id='word_1_184' title='bbox 1571 2105 1873 2181; x_wconf 89' lang='lat' dir='ltr'>dispositis</span> <span class='ocrx_word' id='word_1_185' title='bbox 1936 2124 2025 2162; x_wconf 81' lang='lat' dir='ltr'>XII</span> <span class='ocrx_word' id='word_1_186' title='bbox 2085 2104 2357 2180; x_wconf 90' lang='lat' dir='ltr'>partibus</span> 
     </span>
     <span class='ocr_line' id='line_1_23' title="bbox 333 2192 2356 2270; baseline -0 -19"><span class='ocrx_word' id='word_1_187' title='bbox 333 2192 716 2268; x_wconf 87' lang='lat' dir='ltr'>peraequatis</span> <span class='ocrx_word' id='word_1_188' title='bbox 791 2193 1070 2268; x_wconf 85' lang='lat' dir='ltr'>exprimit</span> <span class='ocrx_word' id='word_1_189' title='bbox 1141 2193 1437 2269; x_wconf 91' lang='lat' dir='ltr'>depictam</span> <span class='ocrx_word' id='word_1_190' title='bbox 1509 2194 1584 2252; x_wconf 93' lang='lat' dir='ltr'>ab</span> <span class='ocrx_word' id='word_1_191' title='bbox 1645 2196 1861 2252; x_wconf 90' lang='lat' dir='ltr'>natura</span> <span class='ocrx_word' id='word_1_192' title='bbox 1921 2193 2356 2270; x_wconf 86' lang='lat' dir='ltr'>figurationem.</span> 
     </span>
     <span class='ocr_line' id='line_1_24' title="bbox 333 2280 2361 2358; baseline 0 -19"><span class='ocrx_word' id='word_1_193' title='bbox 333 2282 543 2356; x_wconf 89' lang='lat' dir='ltr'>itaque</span> <span class='ocrx_word' id='word_1_194' title='bbox 597 2280 858 2339; x_wconf 88' lang='lat' dir='ltr'>lucentia</span> <span class='ocrx_word' id='word_1_195' title='bbox 913 2300 1048 2340; x_wconf 88' lang='lat' dir='ltr'>cum</span> <span class='ocrx_word' id='word_1_196' title='bbox 1105 2283 1324 2341; x_wconf 87' lang='lat' dir='ltr'>mundo</span> <span class='ocrx_word' id='word_1_197' title='bbox 1379 2283 1744 2358; x_wconf 87' lang='lat' dir='ltr'>reliquisque</span> <span class='ocrx_word' id='word_1_198' title='bbox 1800 2282 2089 2340; x_wconf 88' lang='lat' dir='ltr'>sideribus</span> <span class='ocrx_word' id='word_1_199' title='bbox 2144 2285 2361 2340; x_wconf 88' lang='lat' dir='ltr'>ornatu</span> 
     </span>
     <span class='ocr_line' id='line_1_25' title="bbox 337 2367 2475 2448; baseline 0.003 -20"><span class='ocrx_word' id='word_1_200' title='bbox 337 2372 559 2429; x_wconf 90' lang='lat' dir='ltr'>circum</span> <span class='ocrx_word' id='word_1_201' title='bbox 611 2372 833 2428; x_wconf 89' lang='lat' dir='ltr'>terram</span> <span class='ocrx_word' id='word_1_202' title='bbox 873 2367 881 2448; x_wconf 90' lang='grc' dir='ltr'>Ι</span> <span class='ocrx_word' id='word_1_203' title='bbox 921 2389 1204 2447; x_wconf 86' lang='lat' dir='ltr'>mareque</span> <span class='ocrx_word' id='word_1_204' title='bbox 1248 2372 1626 2447; x_wconf 88' lang='lat' dir='ltr'>pervolantia</span> <span class='ocrx_word' id='word_1_205' title='bbox 1672 2390 1877 2430; x_wconf 86' lang='lat' dir='ltr'>cursus</span> <span class='ocrx_word' id='word_1_206' title='bbox 1922 2370 2237 2447; x_wconf 87' lang='lat' dir='ltr'>perficiunt</span> <span class='ocrx_word' id='word_1_207' title='bbox 2283 2370 2361 2429; x_wconf 88' lang='lat' dir='ltr'>ad</span> <span class='ocrx_word' id='word_1_208' title='bbox 2380 2382 2475 2433; x_wconf 83' lang='lat'><strong>(20)</strong></span> 
     </span>
     <span class='ocr_line' id='line_1_26' title="bbox 259 2458 2445 2521; baseline 0 -1"><span class='ocrx_word' id='word_1_209' title='bbox 259 2474 300 2520; x_wconf 85' lang='lat'>4</span> <span class='ocrx_word' id='word_1_210' title='bbox 338 2459 489 2517; x_wconf 90' lang='lat' dir='ltr'>caeli</span> <span class='ocrx_word' id='word_1_211' title='bbox 549 2458 995 2517; x_wconf 88' lang='lat' dir='ltr'>rotunditatem.</span> <span class='ocrx_word' id='word_1_212' title='bbox 1087 2460 1286 2519; x_wconf 87' lang='lat' dir='ltr'>omnia</span> <span class='ocrx_word' id='word_1_213' title='bbox 1351 2463 1555 2519; x_wconf 90' lang='lat' dir='ltr'>autem</span> <span class='ocrx_word' id='word_1_214' title='bbox 1616 2460 1864 2519; x_wconf 88' lang='lat' dir='ltr'>visitata</span> <span class='ocrx_word' id='word_1_215' title='bbox 1927 2463 1987 2518; x_wconf 91' lang='lat' dir='ltr'>et</span> <span class='ocrx_word' id='word_1_216' title='bbox 2048 2460 2361 2518; x_wconf 88' lang='lat' dir='ltr'>invisitata</span> <span class='ocrx_word' id='word_1_217' title='bbox 2388 2481 2445 2521; x_wconf 71' lang='lat'>25</span> 
     </span>
     <span class='ocr_line' id='line_1_27' title="bbox 336 2548 2361 2625; baseline 0 -20"><span class='ocrx_word' id='word_1_218' title='bbox 336 2551 673 2623; x_wconf 89' lang='lat' dir='ltr'>temporum</span> <span class='ocrx_word' id='word_1_219' title='bbox 725 2550 1078 2607; x_wconf 87' lang='lat' dir='ltr'>necessitate</span> <span class='ocrx_word' id='word_1_220' title='bbox 1123 2553 1266 2608; x_wconf 87' lang='lat' dir='ltr'>sunt</span> <span class='ocrx_word' id='word_1_221' title='bbox 1309 2550 1655 2608; x_wconf 89' lang='lat' dir='ltr'>constituta.</span> <span class='ocrx_word' id='word_1_222' title='bbox 1745 2568 1817 2607; x_wconf 85' lang='lat' dir='ltr'>ex</span> <span class='ocrx_word' id='word_1_223' title='bbox 1862 2549 1995 2624; x_wconf 89' lang='lat' dir='ltr'>quis</span> <span class='ocrx_word' id='word_1_224' title='bbox 2042 2567 2142 2607; x_wconf 84' lang='lat' dir='ltr'>sex</span> <span class='ocrx_word' id='word_1_225' title='bbox 2186 2548 2361 2625; x_wconf 86' lang='lat' dir='ltr'>signa</span> 
     </span>
     <span class='ocr_line' id='line_1_28' title="bbox 329 2636 2360 2715; baseline -0 -20"><span class='ocrx_word' id='word_1_226' title='bbox 329 2656 584 2695; x_wconf 85' lang='lat' dir='ltr'>numero</span> <span class='ocrx_word' id='word_1_227' title='bbox 635 2655 816 2713; x_wconf 87' lang='lat' dir='ltr'>supra</span> <span class='ocrx_word' id='word_1_228' title='bbox 859 2640 1083 2696; x_wconf 90' lang='lat' dir='ltr'>terram</span> <span class='ocrx_word' id='word_1_229' title='bbox 1128 2657 1262 2697; x_wconf 90' lang='lat' dir='ltr'>cum</span> <span class='ocrx_word' id='word_1_230' title='bbox 1309 2639 1475 2697; x_wconf 91' lang='lat' dir='ltr'>caelo</span> <span class='ocrx_word' id='word_1_231' title='bbox 1519 2640 1951 2715; x_wconf 85' lang='lat' dir='ltr'>pervagantur,</span> <span class='ocrx_word' id='word_1_232' title='bbox 2009 2640 2205 2696; x_wconf 89' lang='lat' dir='ltr'>cetera</span> <span class='ocrx_word' id='word_1_233' title='bbox 2250 2636 2360 2695; x_wconf 88' lang='lat' dir='ltr'>sub</span> 
     </span>
     <span class='ocr_line' id='line_1_29' title="bbox 332 2726 2361 2786; baseline -0.001 -1"><span class='ocrx_word' id='word_1_234' title='bbox 332 2729 560 2785; x_wconf 88' lang='lat' dir='ltr'>terram</span> <span class='ocrx_word' id='word_1_235' title='bbox 604 2726 923 2785; x_wconf 87' lang='lat' dir='ltr'>subeuntia</span> <span class='ocrx_word' id='word_1_236' title='bbox 969 2727 1041 2785; x_wconf 87' lang='lat' dir='ltr'>ab</span> <span class='ocrx_word' id='word_1_237' title='bbox 1089 2727 1217 2786; x_wconf 88' lang='lat' dir='ltr'>eius</span> <span class='ocrx_word' id='word_1_238' title='bbox 1263 2727 1473 2785; x_wconf 90' lang='lat' dir='ltr'>umbra</span> <span class='ocrx_word' id='word_1_239' title='bbox 1518 2726 1921 2786; x_wconf 87' lang='lat' dir='ltr'>obscurantur.</span> <span class='ocrx_word' id='word_1_240' title='bbox 2012 2744 2113 2785; x_wconf 85' lang='lat' dir='ltr'>sex</span> <span class='ocrx_word' id='word_1_241' title='bbox 2158 2728 2361 2784; x_wconf 86' lang='lat' dir='ltr'>autem</span> 
     </span>
    </p>
   </div>
   <div class='ocr_carea' id='block_1_3' title="bbox 333 2856 640 2863">
    <p class='ocr_par' dir='ltr' id='par_1_3' title="bbox 333 2856 640 2863">
     <span class='ocr_line' id='line_1_30' title="bbox 333 2856 640 2863; baseline 0 1064"><span class='ocrx_word' id='word_1_242' title='bbox 333 2856 640 2863; x_wconf 95' lang='lat' dir='ltr'> </span> 
     </span>
    </p>
   </div>
   <div class='ocr_carea' id='block_1_4' title="bbox 337 2930 2362 3148">
    <p class='ocr_par' dir='ltr' id='par_1_4' title="bbox 337 2930 2362 3148">
     <span class='ocr_line' id='line_1_31' title="bbox 337 2930 2362 3057; baseline -0.001 -73"><span class='ocrx_word' id='word_1_243' title='bbox 337 2930 1006 3057; x_wconf 45' lang='grc' dir='ltr'>ΛΗΜῖῆὲηὲῑηχῇᾶλῑΙ-ιῑνῖιῇ</span> <span class='ocrx_word' id='word_1_244' title='bbox 1034 2935 1154 3003; x_wconf 76' lang='lat' dir='ltr'>(·nfl</span> <span class='ocrx_word' id='word_1_245' title='bbox 1184 2933 1242 2985; x_wconf 90' lang='lat' dir='ltr'><em>E</em></span> <span class='ocrx_word' id='word_1_246' title='bbox 1254 2933 1369 3055; x_wconf 47' lang='lat' dir='ltr'>&amp;a</span> <span class='ocrx_word' id='word_1_247' title='bbox 1395 2936 1432 3056; x_wconf 76' lang='lat' dir='ltr'>lb</span> <span class='ocrx_word' id='word_1_248' title='bbox 1454 2933 1566 3001; x_wconf 72' lang='grc' dir='ltr'>Λ(ὰ</span> <span class='ocrx_word' id='word_1_249' title='bbox 1594 2931 2003 3056; x_wconf 54' lang='grc' dir='ltr'>8)ΝὰςΗΜΜὰ</span> <span class='ocrx_word' id='word_1_250' title='bbox 2015 2930 2362 3055; x_wconf 51' lang='grc' dir='ltr'>ΗΗιδζῂΛΝΛ-</span> 
     </span>
     <span class='ocr_line' id='line_1_32' title="bbox 341 3005 2362 3148; baseline -0.001 -19"><span class='ocrx_word' id='word_1_251' title='bbox 341 3074 400 3141; x_wconf 80' lang='lat' dir='ltr'>S,</span> <span class='ocrx_word' id='word_1_252' title='bbox 437 3044 770 3141; x_wconf 65' lang='lat' dir='ltr'>abrume’E,</span> <span class='ocrx_word' id='word_1_253' title='bbox 806 3007 1055 3148; x_wconf 55' lang='lat' dir='ltr'>abruing</span> <span class='ocrx_word' id='word_1_254' title='bbox 1074 3005 1203 3143; x_wconf 45' lang='lat' dir='ltr'>(gell</span> <span class='ocrx_word' id='word_1_255' title='bbox 1229 3008 1328 3128; x_wconf 43' lang='lat' dir='ltr'>&amp;a</span> <span class='ocrx_word' id='word_1_256' title='bbox 1353 3076 1373 3143; x_wconf 84' lang='grc' dir='ltr'>ΙΙ</span> <span class='ocrx_word' id='word_1_257' title='bbox 1426 3017 2175 3128; x_wconf 52' lang='grc' dir='ltr'>ἔαξῗαὲῗὲΙΙὲτιῗῑιηωὲιῖῐεὶὗιξέ</span> <span class='ocrx_word' id='word_1_258' title='bbox 2201 3017 2362 3127; x_wconf 57' lang='grc' dir='ltr'>Ἐῃᾶἳ</span> 
     </span>
    </p>
   </div>
   <div class='ocr_carea' id='block_1_5' title="bbox 337 3145 2369 3448">
    <p class='ocr_par' dir='ltr' id='par_1_5' title="bbox 337 3145 2369 3448">
     <span class='ocr_line' id='line_1_33' title="bbox 337 3145 2369 3232; baseline -0 -17"><span class='ocrx_word' id='word_1_259' title='bbox 337 3179 440 3215; x_wconf 86' lang='lat' dir='ltr'>om.</span> <span class='ocrx_word' id='word_1_260' title='bbox 470 3161 540 3215; x_wconf 90' lang='lat' dir='ltr'><strong><em>H</em></strong></span> <span class='ocrx_word' id='word_1_261' title='bbox 545 3161 598 3215; x_wconf 77' lang='lat' dir='ltr'>S.</span> <span class='ocrx_word' id='word_1_262' title='bbox 643 3163 662 3231; x_wconf 74' lang='grc' dir='ltr'>ΙΙ</span> <span class='ocrx_word' id='word_1_263' title='bbox 710 3166 740 3213; x_wconf 84' lang='grc'>’1</span> <span class='ocrx_word' id='word_1_264' title='bbox 779 3160 1158 3215; x_wconf 83' lang='lat' dir='ltr'>conformatus</span> <span class='ocrx_word' id='word_1_265' title='bbox 1195 3145 1281 3231; x_wconf 79' lang='lat' dir='ltr'>(·t’</span> <span class='ocrx_word' id='word_1_266' title='bbox 1312 3163 1379 3231; x_wconf 85' lang='lat' dir='ltr'>S)</span> <span class='ocrx_word' id='word_1_267' title='bbox 1416 3180 1457 3216; x_wconf 79' lang='lat' dir='ltr'><strong><em>x</em></strong></span> <span class='ocrx_word' id='word_1_268' title='bbox 1492 3165 1579 3215; x_wconf 79' lang='lat' dir='ltr'>-tii</span> <span class='ocrx_word' id='word_1_269' title='bbox 1612 3162 1720 3232; x_wconf 60' lang='lat' dir='ltr'>GC).</span> <span class='ocrx_word' id='word_1_270' title='bbox 1770 3165 1790 3231; x_wconf 84' lang='grc' dir='ltr'>ΙΙ</span> <span class='ocrx_word' id='word_1_271' title='bbox 1838 3167 1870 3216; x_wconf 87' lang='grc'>9</span> <span class='ocrx_word' id='word_1_272' title='bbox 1911 3160 2223 3216; x_wconf 84' lang='lat' dir='ltr'>architecta</span> <span class='ocrx_word' id='word_1_273' title='bbox 2248 3160 2369 3215; x_wconf 85' lang='lat' dir='ltr'>HS</span> 
     </span>
     <span class='ocr_line' id='line_1_34' title="bbox 339 3232 2365 3303; baseline 0.001 -18"><span class='ocrx_word' id='word_1_274' title='bbox 339 3233 514 3301; x_wconf 89' lang='lat' dir='ltr'>(·tata</span> <span class='ocrx_word' id='word_1_275' title='bbox 549 3232 610 3285; x_wconf 85' lang='lat' dir='ltr'><em>E</em></span> <span class='ocrx_word' id='word_1_276' title='bbox 620 3232 708 3300; x_wconf 73' lang='lat' dir='ltr'>G).</span> <span class='ocrx_word' id='word_1_277' title='bbox 764 3234 783 3301; x_wconf 80' lang='grc' dir='ltr'>ΙΙ</span> <span class='ocrx_word' id='word_1_278' title='bbox 840 3237 907 3285; x_wconf 91' lang='grc'>10</span> <span class='ocrx_word' id='word_1_279' title='bbox 945 3234 1004 3285; x_wconf 89' lang='lat' dir='ltr'>et</span> <span class='ocrx_word' id='word_1_280' title='bbox 1037 3232 1206 3287; x_wconf 85' lang='lat' dir='ltr'>mari:</span> <span class='ocrx_word' id='word_1_281' title='bbox 1253 3234 1394 3303; x_wconf 89' lang='lat' dir='ltr'>in(m</span> <span class='ocrx_word' id='word_1_282' title='bbox 1422 3233 1736 3302; x_wconf 77' lang='lat' dir='ltr'>EG⁰)mani</span> <span class='ocrx_word' id='word_1_283' title='bbox 1776 3251 1830 3288; x_wconf 72' lang='lat' dir='ltr'>m.</span> <span class='ocrx_word' id='word_1_284' title='bbox 1886 3235 1905 3303; x_wconf 86' lang='grc' dir='ltr'>ΙΙ</span> <span class='ocrx_word' id='word_1_285' title='bbox 1962 3239 2027 3286; x_wconf 84' lang='lat'>12</span> <span class='ocrx_word' id='word_1_286' title='bbox 2066 3232 2215 3287; x_wconf 88' lang='lat' dir='ltr'>circa</span> <span class='ocrx_word' id='word_1_287' title='bbox 2252 3232 2306 3287; x_wconf 86' lang='lat' dir='ltr'>S.</span> <span class='ocrx_word' id='word_1_288' title='bbox 2344 3232 2365 3303; x_wconf 83' lang='grc' dir='ltr'>Η</span> 
     </span>
     <span class='ocr_line' id='line_1_35' title="bbox 341 3302 2364 3377; baseline 0.001 -23"><span class='ocrx_word' id='word_1_289' title='bbox 341 3308 416 3377; x_wconf 65' lang='lat'>14,</span> <span class='ocrx_word' id='word_1_290' title='bbox 447 3306 631 3357; x_wconf 74' lang='grc' dir='ltr'>πολου</span> <span class='ocrx_word' id='word_1_291' title='bbox 669 3302 839 3372; x_wconf 83' lang='lat' dir='ltr'>pafde</span> <span class='ocrx_word' id='word_1_292' title='bbox 876 3319 924 3357; x_wconf 72' lang='lat' dir='ltr'>x.</span> <span class='ocrx_word' id='word_1_293' title='bbox 952 3305 1011 3370; x_wconf 79' lang='lat' dir='ltr'>(i.</span> <span class='ocrx_word' id='word_1_294' title='bbox 1039 3321 1106 3357; x_wconf 89' lang='lat' dir='ltr'>m.</span> <span class='ocrx_word' id='word_1_295' title='bbox 1144 3303 1266 3373; x_wconf 88' lang='lat' dir='ltr'>pali</span> <span class='ocrx_word' id='word_1_296' title='bbox 1293 3304 1396 3374; x_wconf 71' lang='grc' dir='ltr'>δ’).</span> <span class='ocrx_word' id='word_1_297' title='bbox 1451 3307 1469 3374; x_wconf 85' lang='grc' dir='ltr'>ΙΙ</span> <span class='ocrx_word' id='word_1_298' title='bbox 1527 3310 1591 3357; x_wconf 81' lang='grc'>17</span> <span class='ocrx_word' id='word_1_299' title='bbox 1632 3304 1931 3358; x_wconf 75' lang='lat' dir='ltr'>altitudine</span> <span class='ocrx_word' id='word_1_300' title='bbox 1960 3304 2027 3358; x_wconf 91' lang='lat' dir='ltr'><strong><em>H</em></strong></span> <span class='ocrx_word' id='word_1_301' title='bbox 2033 3303 2228 3372; x_wconf 72' lang='lat' dir='ltr'>S(G⁰):</span> <span class='ocrx_word' id='word_1_302' title='bbox 2267 3319 2364 3357; x_wconf 89' lang='lat' dir='ltr'>-ne</span> 
     </span>
     <span class='ocr_line' id='line_1_36' title="bbox 340 3372 2366 3448; baseline 0.002 -25"><span class='ocrx_word' id='word_1_303' title='bbox 340 3372 479 3427; x_wconf 73' lang='lat' dir='ltr'>EG.</span> <span class='ocrx_word' id='word_1_304' title='bbox 545 3375 563 3441; x_wconf 77' lang='grc'>11</span> <span class='ocrx_word' id='word_1_305' title='bbox 627 3379 694 3426; x_wconf 80' lang='lat'>20</span> <span class='ocrx_word' id='word_1_306' title='bbox 745 3372 891 3428; x_wconf 80' lang='lat' dir='ltr'>lata:</span> <span class='ocrx_word' id='word_1_307' title='bbox 949 3372 1142 3428; x_wconf 88' lang='lat' dir='ltr'>delata</span> <span class='ocrx_word' id='word_1_308' title='bbox 1183 3392 1239 3429; x_wconf 79' lang='lat' dir='ltr'>x.</span> <span class='ocrx_word' id='word_1_309' title='bbox 1304 3378 1323 3445; x_wconf 75' lang='lat' dir='ltr'>u</span> <span class='ocrx_word' id='word_1_310' title='bbox 1388 3382 1452 3430; x_wconf 83' lang='lat'>21</span> <span class='ocrx_word' id='word_1_311' title='bbox 1497 3392 1756 3444; x_wconf 85' lang='lat' dir='ltr'>quorum:</span> <span class='ocrx_word' id='word_1_312' title='bbox 1812 3392 1957 3444; x_wconf 87' lang='lat' dir='ltr'>quae</span> <span class='ocrx_word' id='word_1_313' title='bbox 2014 3391 2207 3430; x_wconf 90' lang='lat' dir='ltr'>eorum</span> <span class='ocrx_word' id='word_1_314' title='bbox 2249 3391 2305 3429; x_wconf 80' lang='lat' dir='ltr'>x.</span> <span class='ocrx_word' id='word_1_315' title='bbox 2344 3376 2366 3448; x_wconf 79' lang='grc' dir='ltr'>ΙΙ</span> 
     </span>
    </p>
   </div>
   <div class='ocr_carea' id='block_1_6' title="bbox 341 3446 2365 3604">
    <p class='ocr_par' dir='ltr' id='par_1_6' title="bbox 341 3446 2365 3604">
     <span class='ocr_line' id='line_1_37' title="bbox 343 3446 2365 3539; baseline 0.006 -33"><span class='ocrx_word' id='word_1_316' title='bbox 343 3462 412 3507; x_wconf 83' lang='grc'>23</span> <span class='ocrx_word' id='word_1_317' title='bbox 450 3460 651 3539; x_wconf 76' lang='lat' dir='ltr'>ornatii</span> <span class='ocrx_word' id='word_1_318' title='bbox 689 3460 904 3529; x_wconf 67' lang='grc' dir='ltr'>(ΗΒΘ,</span> <span class='ocrx_word' id='word_1_319' title='bbox 938 3463 1089 3515; x_wconf 78' lang='lat' dir='ltr'>-tum</span> <span class='ocrx_word' id='word_1_320' title='bbox 1116 3463 1202 3532; x_wconf 82' lang='lat' dir='ltr'>E)</span> <span class='ocrx_word' id='word_1_321' title='bbox 1237 3482 1291 3517; x_wconf 81' lang='lat' dir='ltr'>x.</span> <span class='ocrx_word' id='word_1_322' title='bbox 1331 3466 1351 3533; x_wconf 83' lang='grc' dir='ltr'>ΙΙ</span> <span class='ocrx_word' id='word_1_323' title='bbox 1386 3470 1455 3517; x_wconf 81' lang='lat'>24</span> <span class='ocrx_word' id='word_1_324' title='bbox 1494 3463 1644 3518; x_wconf 87' lang='lat' dir='ltr'>circa</span> <span class='ocrx_word' id='word_1_325' title='bbox 1671 3465 1724 3519; x_wconf 81' lang='lat' dir='ltr'>S.</span> <span class='ocrx_word' id='word_1_326' title='bbox 1762 3466 1781 3533; x_wconf 80' lang='grc' dir='ltr'>ΙΙ</span> <span class='ocrx_word' id='word_1_327' title='bbox 1819 3468 1885 3517; x_wconf 81' lang='lat'>26</span> <span class='ocrx_word' id='word_1_328' title='bbox 1925 3480 1992 3518; x_wconf 83' lang='lat' dir='ltr'>ex</span> <span class='ocrx_word' id='word_1_329' title='bbox 2029 3466 2153 3533; x_wconf 86' lang='lat' dir='ltr'>quis</span> <span class='ocrx_word' id='word_1_330' title='bbox 2184 3446 2273 3533; x_wconf 62' lang='lat' dir='ltr'>(qs</span> <span class='ocrx_word' id='word_1_331' title='bbox 2294 3463 2365 3533; x_wconf 84' lang='lat' dir='ltr'>S)</span> 
     </span>
     <span class='ocr_line' id='line_1_38' title="bbox 341 3530 1944 3604; baseline 0.011 -31"><span class='ocrx_word' id='word_1_332' title='bbox 341 3538 441 3575; x_wconf 77' lang='lat' dir='ltr'>sex</span> <span class='ocrx_word' id='word_1_333' title='bbox 477 3530 594 3596; x_wconf 66' lang='grc' dir='ltr'>(εκ)</span> <span class='ocrx_word' id='word_1_334' title='bbox 629 3548 684 3584; x_wconf 82' lang='lat' dir='ltr'>x.</span> <span class='ocrx_word' id='word_1_335' title='bbox 731 3533 749 3599; x_wconf 89' lang='grc' dir='ltr'>ΙΙ</span> <span class='ocrx_word' id='word_1_336' title='bbox 794 3536 862 3584; x_wconf 82' lang='lat'>28</span> <span class='ocrx_word' id='word_1_337' title='bbox 901 3531 1020 3585; x_wconf 87' lang='lat' dir='ltr'>eius</span> <span class='ocrx_word' id='word_1_338' title='bbox 1049 3533 1169 3588; x_wconf 72' lang='lat' dir='ltr'>EG</span> <span class='ocrx_word' id='word_1_339' title='bbox 1209 3534 1321 3604; x_wconf 79' lang='lat' dir='ltr'>(ei’)</span> <span class='ocrx_word' id='word_1_340' title='bbox 1350 3536 1413 3592; x_wconf 82' lang='lat' dir='ltr'>S:</span> <span class='ocrx_word' id='word_1_341' title='bbox 1453 3535 1533 3589; x_wconf 86' lang='lat' dir='ltr'>eis</span> <span class='ocrx_word' id='word_1_342' title='bbox 1562 3536 1632 3590; x_wconf 90' lang='lat' dir='ltr'><strong><em>H</em></strong></span> <span class='ocrx_word' id='word_1_343' title='bbox 1660 3537 1802 3604; x_wconf 68' lang='lat' dir='ltr'>(eius</span> <span class='ocrx_word' id='word_1_344' title='bbox 1835 3536 1944 3604; x_wconf 68' lang='lat' dir='ltr'><strong><em>GC).</em></strong></span> 
     </span>
    </p>
   </div>
  </div>
 </body>
</html>
