2664 3927
734 150 952 204 LIBER
985 150 1198 206 ARTIS
1235 147 1910 207 AROEJTECTONICAE
2206 151 2335 216 293

323 303 654 378 extruatur,
717 305 787 360 ut
849 302 900 360 si
965 304 1278 377 corruptae
1341 301 1581 380 tegulae
1646 304 1751 359 aut
1812 301 2085 361 imbrices
2152 306 2343 380 erunt,

145 419 148 422 ⁴
217 401 302 452 (30)
321 390 580 466 parietes
626 393 828 450 tamen
874 390 1050 449 solidi
1089 385 1098 469 Ι
1137 393 1542 466 permaneant

183 487 294 542 297
458 471 768 562 {Materies
815 479 1093 539 arborum
1140 499 1293 555 quae
1341 478 1417 537 ad
1452 479 1779 537 utilitatem
1814 477 2075 537 fabricae
2110 497 2283 554 para-
2310 473 2418 512 XH-
2442 473 2511 512 ¹³⁰
2488 482 2606 522 08·
2564 537 2607 565 “

2311 526 2563 566 nean-ibus

317 569 499 643 bitus,
545 568 820 628 autumni
863 572 1129 644 tempore
1176 571 1498 644 antequam
1542 567 1772 626 favonii
1806 567 1950 626 flare
1995 567 2287 643 incipiant
2311 539 2396 619 nbo
2370 590 2502 619 orum
2534 583 2581 619 et

2358 632 2564 672 utilitate

266 676 292 716 5
319 658 551 716 utiliter
587 657 871 715 caeditur.
943 657 1108 732 prius
1153 659 1358 715 tamen
1402 675 1588 732 usque
1633 656 1711 714 ad
1754 655 2077 714 medullam
2121 674 2285 715 secu·
2340 697 2445 726 caes
2397 686 2567 726 Mi„

317 747 482 804 ribus
529 745 906 804 circumcisae
951 747 1178 804 stantes
1214 746 1705 820 intermittantur,
1742 749 1813 804 ut
1847 740 2081 804 inutilis
2118 763 2289 803 umor
2344 757 2461 797 var.
2490 759 2529 808 2,
2556 759 2581 798 ⁹

239 845 299 896 (5)
319 835 598 894 decurrat
661 836 722 892 et
761 829 770 912 Ι
809 853 1096 894 venarum
1156 835 1373 892 raritas
1438 836 1728 894 exsiccata
1784 835 2085 894 solidetur.
2185 834 2289 894 sed

319 941 538 1002 genera
585 922 858 981 arborum
906 924 1014 982 has
1066 924 1225 982 inter
1269 941 1331 982 se
1376 924 1531 983 vires
1589 927 1649 982 et
1694 923 2057 983 differentias
2102 923 2340 982 habent.

321 1013 481 1070 abies
529 1030 668 1089 ergo
704 1012 929 1070 habens
975 1011 1127 1070 aeris
1172 1011 1497 1088 plurimum
1543 1014 1603 1070 et
1646 1013 1822 1088 igniS,
1866 1012 2180 1070 minimum
2222 1015 2340 1071 ter-

239 1121 292 1160 10
318 1102 446 1160 reni
483 1103 545 1159 et
581 1101 821 1175 umoriS,
857 1101 1072 1161 merito
1108 1119 1229 1160 non
1267 1103 1359 1159 est
1391 1100 1723 1176 ponderosa
1759 1104 1821 1160 et
1845 1101 2109 1160 naturali
2145 1101 2340 1180 rigore

320 1209 439 1248 non
485 1191 604 1248 cito
649 1191 913 1249 flectitur
949 1209 986 1249 a
1021 1190 1295 1266 pondere.
1369 1189 1569 1248 laricis
1606 1208 1749 1249 vero
1793 1191 2045 1248 materia
2079 1190 2144 1248 in
2182 1192 2343 1248 omni

211 1288 300 1340 (1⁰)
318 1279 546 1338 fabrica
616 1281 905 1339 maximas
972 1279 1156 1338 habet
1216 1269 1557 1361 utilitafltes,
1629 1277 1822 1353 primo
1901 1277 2055 1353 quod
2132 1298 2201 1336 ex
2275 1299 2344 1338 ea

319 1367 545 1426 adfixae
591 1368 835 1427 tabulae
881 1367 1236 1446 subgrundis
1281 1367 1439 1445 ignis
1474 1367 1822 1427 violentiam
1864 1367 2199 1442 prohibent,
2242 1387 2343 1427 ne-

319 1475 434 1532 que
499 1457 656 1516 enim
727 1458 1028 1516 flammam
1089 1457 1386 1533 recipiunt
1448 1475 1641 1532 neque
1714 1454 2027 1514 carbonem
2098 1456 2342 1514 faciunt.

235 1563 289 1605 15
315 1546 467 1604 larix
509 1564 650 1606 vero
699 1567 736 1606 a
781 1547 1024 1606 castello
1070 1545 1345 1605 Laricino
1393 1549 1483 1604 est
1526 1545 1704 1604 dicta.
1798 1563 2047 1620 quercus
2093 1546 2342 1603 terrenis

317 1636 695 1694 satietatibus
743 1636 1072 1695 abundans·
1094 1655 1307 1712 parum
1351 1635 1573 1693 habens
1619 1634 1871 1708 umoris,
1926 1652 2062 1692 cum
2112 1634 2177 1691 in
2226 1636 2345 1692 ter-

209 1734 297 1786 (15)
315 1725 474 1782 renis
513 1724 790 1799 operibus
821 1724 1092 1783 obruitur
1115 1727 1466 1800 perpetuam
1494 1724 1693 1782 servat
1720 1713 2080 1805 utilitaltem.
2143 1740 2341 1780 aescu-

316 1813 414 1870 lus
451 1815 597 1887 apta
633 1812 914 1872 aedificiis
951 1813 1248 1887 materieS,
1285 1812 1388 1870 sed
1423 1812 1487 1869 in
1522 1830 1727 1870 umore
1763 1811 1962 1886 posita
1992 1806 2341 1889 (vitiatur).

315 1901 490 1977 fagus
539 1900 700 1977 quod
746 1901 1056 1978 aequalem
1100 1900 1283 1959 habet
1315 1900 1666 1958 mixtionem
1703 1899 1927 1959 umoris
1964 1901 2025 1959 et
2060 1900 2233 1977 ignis,
2278 1899 2343 1957 in

237 2009 292 2049 20
317 2008 524 2049 umore
571 1991 690 2049 cito
735 1992 1064 2066 marcescit,
1109 1989 1280 2050 siccis
1324 1991 1472 2049 locis
1519 1990 1685 2049 utilis
1733 1992 1839 2049 est.
1912 1990 2167 2066 populus
2206 1989 2345 2048 alba

319 2081 380 2137 et
423 2079 614 2156 nigra,
660 2080 811 2138 salix
857 2083 918 2139 et
961 2079 1096 2139 tilia
1140 2080 1297 2157 ignis
1337 2082 1397 2137 et
1434 2079 1584 2138 aeris
1621 2079 1841 2138 habent
1878 2080 2235 2153 satietatem,
2279 2080 2343 2137 in

208 2177 298 2230 (so)
317 2168 544 2225 fabrica
607 2168 813 2244 utiles,
874 2169 939 2227 in
995 2168 1312 2244 scalpturis
1369 2160 1595 2251 graltae
1650 2168 2053 2227 inveniuntur.
2152 2168 2343 2242 alnuS,

319 2275 470 2331 quae
532 2258 802 2332 proxima
866 2277 1056 2334 aquae
1111 2257 1397 2334 nascitur,
1458 2260 1667 2316 tenera
1721 2259 1782 2316 et
1838 2258 2037 2316 mollis
2090 2257 2341 2315 materia

318 2346 486 2404 extra
540 2365 756 2421 aquam
809 2346 1070 2406 fabricae
1123 2342 1357 2405 inutilis
1414 2350 1529 2422 est,
1584 2347 1687 2405 sed
1740 2346 1852 2406 hoe
1905 2348 2127 2404 mirum
2170 2346 2234 2402 in
2280 2364 2341 2403 se

234 2452 289 2495 25
316 2434 498 2492 habet
541 2435 701 2510 quod
745 2436 809 2493 in
845 2454 1050 2494 umore
1087 2435 1491 2511 palationibus
1530 2436 1717 2511 spisse
1755 2433 1945 2493 defixa
1983 2436 2342 2493 structuram

317 2541 499 2599 supra
545 2542 605 2582 se
659 2525 884 2583 factam
930 2526 1055 2584 sine
1099 2524 1249 2585 vitio
1297 2527 1509 2583 servat.
1602 2525 1797 2583 ulmus
1845 2526 1905 2581 et
1958 2524 2223 2582 fraxinus
2278 2522 2342 2581 in

206 2622 297 2674 (25)
318 2612 479 2670 omni
525 2631 700 2688 opere
738 2615 855 2674 cito
901 2614 1236 2689 flectuntur,
1284 2614 1387 2673 sed
1432 2631 1568 2671 eum
1606 2614 1868 2671 aruerint
1900 2603 2149 2693 rilgidae
2186 2614 2341 2687 sunt,

315 2701 562 2760 lentoris
628 2721 806 2761 causa
871 2703 1093 2763 catenis
1159 2702 1355 2761 utiles,
1464 2701 1739 2777 carpinus
1802 2703 1866 2759 in
1931 2700 2092 2760 omni
2167 2719 2341 2775 opere

315 2791 648 2851 tractabilis
713 2795 772 2850 et
835 2792 1004 2850 utilis
1067 2791 1383 2858 invenitur.
1494 2808 1805 2866 cupressus
1870 2792 1929 2847 et
1996 2790 2174 2865 pinus
2240 2789 2341 2847 ad-

235 2899 289 2939 so
315 2880 615 2939 mirandas
650 2880 874 2939 habent
897 2880 1170 2955 virtuteS,
1209 2881 1367 2955 quod
1403 2898 1523 2937 non
1551 2880 1671 2939 cito
1706 2877 1966 2954 pondere
2004 2880 2341 2952 curvantur,

316 2968 534 3027 durant
580 2972 737 3028 enim
781 2970 1050 3047 integrae
1097 2988 1343 3045 semper.
1436 2968 1642 3027 cedrus
1688 2968 1738 3027 si
1793 2987 1994 3027 umore
2051 2987 2169 3026 non
2215 2986 2341 3025 cor-

173 3065 294 3121 298
312 3061 635 3135 rumpetur,
678 3055 685 3137 Ι
728 3058 976 3118 eandem
1018 3058 1199 3117 habet
1231 3058 1532 3119 virtutem.
1606 3058 1709 3117 sed
1746 3057 2040 3132 quomodo
2079 3056 2149 3116 de
2195 3056 2341 3131 pinu

312 3149 509 3206 resina
563 3148 848 3223 decurrit,
903 3148 988 3207 sie
1043 3151 1103 3206 et
1157 3168 1227 3205 ex
1281 3166 1353 3207 ea
1409 3148 1603 3207 oleum
1660 3146 1819 3221 quod
1863 3146 2061 3205 cedria
2106 3146 2339 3203 dicitur.

315 3238 365 3294 si
409 3236 549 3295 libri
587 3240 692 3296 aut
727 3238 892 3297 clusa
929 3256 999 3297 eo
1034 3238 1418 3314 inungantur,
1464 3254 1788 3311 numquam
1823 3236 2001 3293 tineis
2042 3236 2147 3291 aut
2184 3236 2340 3291 carie

235 3342 288 3383 35
315 3324 633 3384 solventur.
725 3326 931 3385 multis
976 3326 1182 3401 itaque
1228 3325 1467 3400 templis
1514 3327 1761 3400 propter
1807 3323 2224 3382 aeternitatem
2270 3341 2339 3380 ex

234 3422 293 3474 (⁵)
316 3431 385 3471 ea
427 3413 731 3473 lacunaria
774 3410 781 3493 Ι
823 3418 963 3475 sunt
1005 3416 1182 3473 facta.
1255 3433 1397 3472 nam
1438 3413 1586 3471 folia
1633 3414 1758 3471 eius
1806 3428 2081 3487 cupresso
2119 3411 2339 3469 similia

313 3503 468 3561 sunt.
542 3503 804 3562 nascitur
847 3505 1102 3563 maxime
1147 3504 1210 3562 in
1249 3501 1426 3563 Creta
1473 3505 1533 3561 et
1577 3502 1641 3559 in
1677 3501 1883 3559 Africa
1929 3502 1990 3558 et
2028 3500 2093 3557 in
2132 3498 2338 3575 Syriae

2311 787 2610 864 (Pau.12,'15).
