2664 3927
343 145 430 209 66
1187 143 1518 198 VITRUVII

339 293 516 354 nibus
560 313 803 353 numero
850 294 1262 353 convenientes
1308 295 1412 368 sic,
1458 297 1788 354 sextantem
1830 314 2041 369 unum,
2084 294 2363 353 trientem

341 384 478 458 due,
517 384 817 442 semissem
851 384 970 441 tria
1007 377 1264 461 [bessem
1293 402 1470 458 quem
1505 383 1791 457 διμοιρον
1818 383 2025 442 dicunt
2060 385 2363 459 quattuor,

342 473 708 548 quintarium
756 491 932 548 quem
985 487 1413 546 πενταμοιρον
1460 471 1666 531 dicunt
1712 472 1989 548 quinque,
2033 472 2362 547 perfectum

341 581 459 620 sex.
559 581 692 620 cum
747 561 824 619 ad
877 560 1341 636 superlationem
1380 553 1389 638 Ι
1430 564 1680 636 crescat,
1740 579 1920 636 supra
1974 579 2075 620 sex
2129 560 2359 620 adiecto
2380 570 2475 624 (10)

339 668 469 710 asse
526 665 818 724 εφεκτον,
874 668 1009 707 cum
1059 650 1222 708 facta
1277 651 1418 708 sunt
1469 653 1602 708 octo
1660 649 1817 724 quod
1872 652 1963 709 est
2013 650 2196 708 tertia
2258 650 2360 708 ad-
2389 669 2415 709 5

336 741 494 798 iecta
538 739 875 797 tertiarium
911 739 1166 796 alterum
1203 738 1308 814 qui
1345 754 1658 813 επιτριτοε
1694 739 1929 813 dicitur,
1975 739 2223 796 dimidia
2258 738 2360 796 ad-

336 829 493 886 iecta
548 846 683 886 cum
734 828 898 885 facta
952 829 1091 885 sunt
1142 845 1357 887 novem
1410 827 1866 902 sesquialterum
1912 828 2015 903 qui
2073 825 2359 901 ημιολιοε

338 916 699 992 appellatur,
743 915 972 974 duabus
1007 915 1280 991 partibus
1317 916 1537 974 additis
1575 919 1637 975 et
1672 915 1900 975 decussi
1935 916 2095 975 facto
2130 915 2358 975 bessem

337 1005 594 1063 alterum
640 1023 816 1079 quem
861 1004 1256 1079 επιδιμοιρον
1299 1006 1594 1079 vocitant,
1644 1005 1707 1063 in
1750 1004 2025 1064 undecim
2064 997 2073 1085 Ι
2114 1023 2355 1063 numero
2377 1014 2470 1067 (15)

338 1094 497 1170 quod
553 1093 770 1152 adiecti
827 1097 968 1152 sunt
1014 1093 1276 1169 quinque
1324 1093 1691 1169 quintarium
1737 1113 1913 1170 quem
1958 1109 2355 1167 επιπεμπτον
2387 1113 2440 1153 ιο

336 1182 558 1256 dicunt,
604 1182 912 1241 duodecim
958 1184 1158 1241 autem
1204 1183 1365 1259 quod
1411 1202 1481 1240 ex
1516 1182 1743 1241 duobus
1780 1182 2039 1242 numeris
2076 1182 2355 1258 simpliei-

265 1285 297 1332 7
334 1270 444 1330 bus
491 1273 581 1330 est
626 1271 865 1331 effectus
923 1268 1299 1347 meman.
1390 1289 1509 1330 non
1564 1271 1759 1331 minus
1816 1272 1998 1330 etiam
2044 1272 2202 1346 quod
2251 1289 2355 1347 pes

333 1360 588 1419 hominis
652 1360 988 1420 altitudinis
1047 1363 1275 1419 sextam
1337 1360 1518 1418 habet
1578 1363 1837 1436 partem,
1901 1361 1964 1418 id
2019 1363 2109 1419 est
2162 1379 2233 1418 ex
2286 1377 2354 1418 eo

336 1449 493 1525 quod
547 1449 854 1526 perficitur
905 1448 1124 1525 pedum
1181 1467 1425 1508 numero
1482 1450 1741 1525 corporis
1805 1449 1956 1508 sexis
2020 1449 2354 1507 altitudinis

337 1529 346 1620 Ι
390 1539 759 1613 terminatio,
834 1557 968 1596 eum
1039 1539 1367 1613 perfectum
1441 1539 1873 1597 constituerunt
1887 1583 1903 1612 ,
1975 1537 2355 1613 cubitumque
2366 1547 2419 1587 1⁵
2432 1549 2523 1598 (2⁰)

333 1627 882 1686 animadverterunt
936 1645 1006 1684 ex
1061 1645 1161 1685 sex
1214 1627 1432 1702 palmis
1479 1631 1749 1686 constare
1795 1627 2116 1704 digitisque
2160 1645 2355 1684 xxml.

333 1735 403 1774 ex
449 1733 519 1774 eo
566 1716 749 1774 etiam
784 1714 1062 1773 videntur
1107 1715 1381 1774 civitates
1420 1713 1777 1774 Graecorum
1812 1716 2021 1774 fecisse
2058 1719 2119 1774 et
2157 1734 2356 1790 quem-

332 1795 671 1885 admoldum
733 1803 963 1863 cubitus
1029 1806 1120 1862 est
1182 1820 1286 1862 sex
1339 1804 1701 1880 palmorum,
1764 1805 1828 1862 in
1890 1804 2172 1862 drachma
2236 1822 2355 1878 qua
2384 1811 2466 1867 68

331 1911 573 1950 nummo
618 1895 929 1951 uterentur
974 1911 1176 1952 aereos
1231 1893 1498 1971 signatos
1543 1894 1634 1952 uti
1681 1911 1839 1952 asses
1886 1912 1955 1951 ex
2002 1910 2191 1970 aequo
2238 1911 2355 1968 sex,

334 2000 480 2058 quos
527 1982 729 2041 obolos
776 1983 1101 2058 appellant,
1148 1981 1625 2059 quadrantesque
1671 1982 1994 2058 obolorum,
2051 2002 2204 2058 quae
2248 1982 2355 2039 alii
2385 2002 2443 2040 20

331 2070 600 2130 dichalca
643 2072 916 2129 nonnulli
949 2071 1236 2130 trichalca
1272 2072 1493 2147 dicunt,
1539 2090 1649 2147 pro
1687 2072 1891 2148 digitis
1925 2072 2143 2149 viginti
2182 2074 2353 2147 quat—

474 2300 501 2347 1
541 2309 796 2348 numero·
844 2309 942 2347 sex
985 2309 1216 2348 numero
1251 2310 1292 2347 a·
1327 2296 1495 2365 (ἔχειν
1531 2295 1667 2362 μέρη
1714 2295 1897 2349 ἐκεῖνα
1931 2296 2004 2348 τὰ
2048 2294 2353 2361 ἐνθεωρόυ-

330 2381 467 2432 μενα
493 2372 612 2420 τοῑε
638 2366 887 2433 ἀριθμοῖς
911 2365 968 2419 ἐξ
997 2365 1078 2418 ὧν
1107 2365 1330 2431 (υνέετη
1352 2365 1565 2419 Nicom
1586 2383 1666 2419 ar.
1689 2366 1742 2432 I,
1752 2370 1843 2433 16,
1852 2368 1903 2419 4
1924 2366 1993 2432 cf.
2004 2367 2057 2419 2.
2096 2366 2165 2429 cf.
2178 2364 2351 2419 Mart

333 2434 450 2505 Gap
455 2439 606 2490 .753
633 2437 763 2504 etc..)
799 2438 807 2503 Ι
837 2434 1070 2489 trientes
1110 2435 1248 2489 duos
1275 2454 1330 2490 x.
1361 2437 1379 2504 ΙΙ
1408 2442 1439 2488 2
1475 2435 1668 2490 besem
1695 2408 1765 2489 H
1785 2436 2003 2505 (Besem
2030 2435 2075 2490 S
2096 2442 2148 2491 et
2183 2437 2247 2489 in
2279 2452 2349 2489 m.

326 2506 422 2561 vel
455 2478 668 2561 bissem
695 2506 793 2575 δι’),
831 2506 1032 2560 Bosem
1060 2504 1142 2561 Ε·
1179 2522 1279 2562 om.
1315 2506 1381 2561 G
1411 2508 1501 2562 hic
1531 2509 1777 2577 sequimi·
1802 2507 2156 2576 interpolatio
2192 2510 2353 2576 quasi

328 2579 553 2633 librarii
596 2578 884 2633 cuiusdam
921 2579 1141 2659 antiqui
1184 2580 1550 2633 mathematici
1592 2580 1774 2647 inepte
1810 2578 2151 2632 luaeuriantis
2184 2593 2354 2647 usqae

328 2650 404 2704 ad
438 2667 487 2705 υ.
518 2653 593 2702 16
629 2648 872 2719 [bessem
902 2680 967 2689 —-
999 2646 1375 2720 diplasiona],
1429 2666 1594 2719 qaam
1647 2649 1952 2705 delevissem
2004 2649 2120 2703 nisi
2172 2650 2353 2717 ipsius

328 2722 493 2775 etiam
529 2727 660 2776 esset
697 2721 948 2775 Vitrwvii
973 2721 1269 2788 explicatio
1318 2736 1434 2775 ‘non
1467 2722 1623 2775 modo
1660 2722 1835 2776 otiosa
1868 2720 1962 2775 sed
1988 2721 2187 2775 vitiosa
2228 2730 2351 2779 VIII,

333 2796 387 2859 6,
404 2796 515 2861 41²
520 2794 692 2858 .,207
709 2795 786 2846 24
821 2792 968 2860 (Tan
1115 2791 1301 2845 :.Rev
1341 2792 1407 2845 de
1435 2791 1575 2859 phil.
1604 2802 1727 2851 XXI,
1755 2792 1903 2861 125).
1946 2792 1954 2861 Ι
1995 2789 2282 2844 dimoeron
2309 2807 2354 2845 x

325 2808 600 2931 (dimeron
640 2834 749 2943 G’0).
803 2793 842 2932 ss(
877 2867 908 2913 3
955 2878 1065 2931 pen
1093 2877 1316 2916 emeron
1355 2863 1423 2916 H
1429 2861 1553 3004 85³
1554 2864 1623 2932 ⁰‚)
1678 2864 1848 2932 pente
1890 2877 2118 2916 moeron
2156 2860 2292 2916 EG.
2330 2860 2353 2933 ΙΙ

325 2939 362 2986 4
398 2931 834 3003 superlationem
871 2934 1286 3003 (ἐπιεώρευειν).
1338 2950 1403 2986 su
1509 2932 1807 2988 cationem
1841 2950 1882 2987 x
1918 2931 2353 3015 (suppletionem

329 3004 437 3073 G0).
494 3005 513 3073 ΙΙ
568 3008 600 3056 5
639 3005 761 3073 e(ae
788 2936 1111 3073 H)ffectum
1145 3021 1201 3058 x.
1245 3005 1253 3072 Ι
1295 3019 1471 3072 quo.
1510 3022 1585 3073 qu
1648 3004 1702 3060 S.
1756 3006 1776 3073 ΙΙ
1831 3009 1863 3056 6
1899 3006 2137 3058 tertiam
2165 3003 2302 3057 EG.
2336 3003 2346 3076 Ι

326 3074 590 3129 alterum:
639 3075 830 3128 autem
872 3091 927 3127 x.
978 3076 989 3142 Ι
1037 3074 1295 3143 epitritos
1340 3093 1396 3130 x.
1442 3077 1462 3145 ΙΙ
1509 3080 1539 3127 7
1626 3074 1883 3130 emiolius
1930 3075 2041 3145 (H,
2091 3072 2351 3129 emiolius

326 3146 525 3214 EGS)
563 3162 617 3200 x.
663 3146 683 3214 ΙΙ
728 3148 760 3197 8
798 3143 1019 3198 decusis
1053 3162 1095 3198 x
1129 3144 1297 3214 (cusis
1327 3146 1429 3215 E).
1472 3150 1481 3212 Ι
1521 3145 1621 3200 bes
1660 3146 1900 3200 alterum
1932 3164 1988 3201 x
2034 3148 2053 3215 ΙΙ
2100 3151 2131 3199 9
2171 3143 2352 3213 epidi-

324 3231 555 3270 moeron
589 3233 644 3270 x.
760 3220 826 3267 10
863 3214 1222 3285 epipempton
1255 3234 1310 3271 ω.
1360 3218 1380 3285 ΙΙ
1427 3221 1492 3269 12
1532 3216 1851 3299 diplasiona
1885 3235 1941 3272 x.
1996 3219 2016 3286 ΙΙ
2071 3222 2136 3269 13
2173 3215 2353 3269 habet

323 3289 544 3366 partem
574 3286 710 3343 HS.
735 3286 956 3355 partem
984 3284 1160 3340 habet
1186 3287 1322 3343 EG.
1358 3290 1365 3358 Ι
1396 3286 1457 3340 id
1486 3289 1597 3342 est.
1634 3287 1719 3341 ita
1746 3288 1919 3342 etiam
1945 3306 2000 3343 ω.
2031 3290 2051 3359 ΙΙ
2080 3293 2149 3341 14
2175 3286 2349 3343 sexis.

327 3354 469 3410 seies
506 3357 654 3426 HE,
689 3356 870 3411 sexies
908 3356 1120 3412 H⁰SG.
1174 3360 1194 3427 ΙΙ
1250 3363 1316 3411 15
1354 3357 1679 3412 terminavit
1712 3377 1768 3415 ω.
1824 3362 1843 3429 ΙΙ
1899 3364 1964 3413 17
2006 3361 2063 3413 et
2098 3376 2197 3414 om.
2234 3376 2289 3412 x
2332 3358 2353 3431 ΙΙ

329 3430 394 3478 18
429 3400 702 3567 ¹‹lirachma
733 3428 804 3481 H
780 3428 903 3555 EGG
915 3427 1154 3554 gracma
1182 3430 1255 3497 E,
1301 3429 1536 3499 dragma
1564 3429 1608 3485 S
1614 3430 1744 3501 (Ge)
1778 3433 1787 3500 Ι
1818 3446 2069 3484 nummo:
2116 3444 2350 3484 numero

323 3514 381 3551 x.
493 3502 558 3551 21
596 3517 753 3551 xxm1
