2664 3927
654 215 660 222 ,
724 160 941 215 LIBER
976 159 1189 214 ARTIS
1226 157 1911 214 ARCHITEOTONICAE
2199 160 2328 225 289

307 313 470 372 mina
518 313 688 388 quasi
733 330 906 370 nares
951 312 1112 370 intus
1157 309 1222 368 in
1266 314 1515 386 puteum
1551 309 1961 384 demittantur,
2008 329 2127 386 qua
2170 311 2330 371 noci-

192 413 288 467 (85)
307 420 416 461 vus
479 401 723 477 spiritus
789 402 1085 476 evaporet.
1195 399 1298 458 sed
1362 418 1495 458 cum
1559 417 1717 474 aqua
1779 399 2022 458 inventa
2072 393 2081 477 Ι
2129 400 2329 475 fuerit,

306 489 554 569 signinis
601 490 875 566 operibus
920 489 1177 565 parietes
1223 490 1532 547 struantur
1574 487 1665 546 ita
1700 506 1774 545 ne
1810 505 2096 546 venarum
2134 488 2329 563 capita

309 580 712 640 excludantur.
821 579 884 637 in
949 577 1198 654 signinis
1263 580 1465 636 autem
1537 575 1811 652 operibus
1883 577 2029 636 haec
2094 594 2328 636 servare

250 688 278 729 5
306 669 562 728 debebis.
652 669 845 744 primo
900 669 968 725 ut
1021 667 1244 725 harena
1289 684 1501 742 aspera
1554 666 1800 741 paretur
1845 667 1907 724 et
1960 667 2330 725 caementum

307 757 380 816 de
445 757 609 816 silice
663 756 762 816 vel
824 755 1024 833 lapide
1087 754 1286 814 toficio
1350 755 1647 830 calcisque
1709 753 1975 830 proxime
2036 754 2328 813 extinctae

161 855 286 910 292
307 845 459 905 duae
501 840 509 923 Ι
549 848 748 920 partes
814 844 892 902 ad
956 843 1216 919 quinque
1277 843 1535 902 harenae
1598 843 1883 901 mortario
1953 842 2330 902 misceantur.

306 936 556 1010 puteum
603 951 742 1010 ergo
785 933 988 991 fodere
1034 931 1273 992 debebis
1318 932 1511 990 latum
1554 932 1734 1007 pedes
1781 935 1933 1007 octo,
1978 935 2047 990 ut
2092 950 2130 990 a
2173 931 2330 990 binis

307 1022 556 1100 pedibus
601 1024 901 1081 structura
944 1020 1008 1078 in
1056 1021 1307 1080 circuitu
1352 1023 1563 1099 surgat
1608 1023 1668 1078 et
1715 1023 2000 1096 quattuor
2049 1038 2193 1081 cavo
2240 1040 2329 1080 re-

224 1131 281 1171 ιο
308 1110 560 1186 linquat.
661 1113 1024 1170 structuram
1075 1127 1216 1169 vero
1271 1128 1406 1168 cum
1466 1110 1660 1168 facere
1714 1111 2001 1184 coeperiS,
2065 1110 2330 1168 vectibus

226 1210 288 1261 (⁵)
308 1199 523 1276 ligneis
577 1198 851 1259 densabis
893 1194 901 1277 Ι
943 1199 1027 1257 sic
1081 1202 1150 1257 ut
1204 1199 1462 1256 nitorem
1512 1199 1727 1256 frontis
1772 1216 1891 1256 non
1936 1197 2157 1258 laedas
2247 1199 2331 1258 sic

309 1287 468 1346 enim
537 1288 796 1348 solidata
869 1290 1171 1346 structura
1243 1287 1523 1346 adversus
1587 1304 1852 1345 umorem
1922 1286 2137 1345 fortior
2199 1288 2329 1346 erit.

310 1376 520 1452 quodsi
581 1377 795 1436 limosa
851 1395 1008 1451 aqua
1070 1375 1278 1450 fuerit,
1319 1375 1529 1434 salem
1582 1375 1639 1434 ei
1689 1374 1960 1434 miscebis
2016 1376 2079 1434 et
2130 1375 2330 1434 insua-

306 1465 557 1524 vitatem
611 1466 842 1542 saporis
896 1465 1169 1524 mutabit.
1259 1464 1365 1524 sed
1416 1465 1558 1523 licet
1611 1466 1882 1524 auctores
1937 1463 2015 1522 ad
2070 1463 2330 1539 quinque

224 1574 280 1615 ιε
306 1558 508 1631 partes
562 1555 819 1614 harenae
874 1555 1021 1613 duas
1075 1556 1277 1630 partes
1323 1553 1501 1613 calcis
1547 1552 1711 1611 mitti
1754 1552 2087 1629 docuerint,
2141 1552 2331 1612 isdem

195 1655 288 1704 (1⁰)
307 1645 598 1704 mensuris
645 1646 704 1702 et
748 1643 1044 1703 redivivas
1091 1633 1386 1724 inpenlsas
1431 1641 1560 1700 fieri
1594 1642 2075 1717 monstraverint,
2121 1641 2330 1701 melius

305 1735 508 1792 tamen
544 1733 854 1792 inventum
891 1735 983 1792 est
1018 1734 1088 1790 ut
1123 1731 1200 1790 ad
1236 1731 1387 1789 duas
1422 1731 1679 1789 harenae
1716 1749 1835 1789 una
1872 1730 2049 1790 calcis
2086 1731 2331 1790 miscea-

306 1825 425 1896 tur,
472 1840 588 1896 quo
634 1821 916 1898 pinguior
958 1821 1206 1895 inpensa
1250 1819 1465 1879 fortius
1512 1822 1818 1878 caementa
1862 1819 2097 1896 ligaret.
2170 1819 2329 1878 simi-

307 1909 448 1969 liter
493 1912 552 1968 et
597 1910 662 1968 in
715 1909 991 1970 testaceis
1037 1907 1314 1985 operibus
1369 1907 1569 1967 facieS.
1659 1909 1906 1984 puteum
1952 1910 2154 1967 autem
2198 1925 2331 1967 cum

230 2018 284 2058 so
310 1997 512 2057 fodere
576 1999 864 2075 coeperis,
929 1998 982 2058 si
1043 2000 1204 2056 terra
1269 1997 1461 2057 solida
1522 2015 1642 2056 non
1704 1998 1886 2057 fuerit
1948 1999 2053 2056 aut
2109 1997 2331 2056 harena

203 2098 293 2150 (1⁶)
312 2087 541 2146 lubrica
587 2091 696 2147 aut
741 2088 945 2147 sabulo
991 2086 1206 2146 fluidus
1253 2089 1360 2145 aut
1414 2085 1701 2145 exsudans
1742 2078 1750 2167 Ι
1790 2105 1963 2145 umor
2013 2086 2330 2145 fossionem

307 2176 584 2252 resolvet,
627 2177 866 2236 tabulas
912 2176 1109 2235 axium
1145 2176 1399 2235 directas
1443 2174 1720 2235 fodiendo
1768 2174 2079 2235 submittes
2126 2178 2187 2233 et
2232 2193 2330 2235 eas

308 2265 574 2325 vectibus
611 2266 826 2343 ligneis
862 2265 1214 2325 transversis
1251 2264 1579 2338 distinebis‚
1614 2284 1689 2323 ne
1725 2264 1931 2323 labens
1968 2266 2128 2323 terra
2154 2265 2331 2322 ruina

307 2354 585 2430 ponderis
629 2354 963 2430 periculum
1005 2353 1367 2414 fodientibus
1412 2352 1615 2411 faciat.

227 2462 281 2503 25
444 2441 737 2512 Quoniam
767 2461 905 2520 ergo
935 2445 1075 2501 ante
1093 2442 1294 2500 omnia
1321 2460 1512 2516 aquae
1541 2459 1682 2500 usus
1707 2440 2072 2500 necessarius
2098 2440 2276 2499 habe-

2303 2434 2356 2473 V.
2381 2432 2449 2473 De
2467 2432 2595 2473 utili·

2304 2489 2399 2527 tate
2450 2497 2595 2535 aquae

310 2534 429 2607 tur,
472 2532 566 2590 his
612 2530 1028 2607 experimentis
1071 2530 1307 2589 utilitas
1356 2530 1481 2589 eius
1524 2529 1831 2605 probanda
1870 2530 1998 2587 erit.
2068 2528 2276 2605 itaque
2322 2540 2572 2588 probanda-

197 2632 289 2683 (2⁰)
315 2612 323 2702 Ι
356 2621 407 2679 si
453 2620 808 2679 naturaliter
850 2621 1046 2679 fontes
1082 2619 1396 2695 profluent,
1442 2618 1931 2677 considerandum
1968 2617 2081 2677 erit
2115 2618 2279 2692 prius
2306 2611 2595 2716 (ξιῗξνιζ).

309 2710 519 2784 quales
563 2708 830 2769 homines
878 2710 940 2767 et
985 2727 1168 2783 quam
1213 2706 1440 2766 salubri
1474 2725 1718 2783 corpore
1756 2708 1911 2766 circa
1948 2724 2047 2765 eos
2083 2706 2278 2765 fontes

307 2798 597 2857 habitent.
696 2797 899 2873 itaque
954 2797 1006 2856 si
1061 2795 1401 2872 corporibus
1456 2795 1817 2871 valentibus,
1882 2794 2147 2855 cruribus
2211 2812 2331 2853 non

229 2907 282 2948 so
308 2887 560 2961 vitiosiS,
607 2886 900 2946 coloribus
945 2885 1171 2960 nitidis,
1215 2903 1337 2943 non
1372 2884 1761 2962 lippientibus
1798 2884 2000 2960 oculis,
2044 2886 2330 2961 purgatos

308 2976 690 3052 salubresque
736 2975 930 3035 fontes
966 2974 1268 3050 probabiS.
1341 2973 1552 3049 quodsi
1587 2973 1728 3032 novi
1772 2973 1967 3032 fontes
2016 2974 2120 3031 aut
2162 2972 2353 3047 putei·

206 3075 291 3127 (²⁵)
309 3065 454 3125 fossi
502 3061 510 3144 Ι
559 3063 808 3139 fuerint,
881 3082 1100 3140 aquam
1165 3063 1408 3137 eximeS,
1470 3061 1537 3121 in
1596 3080 1703 3121 vas
1766 3080 2015 3121 aeneum
2075 3060 2332 3119 nitidum

309 3172 578 3233 sparges,
633 3155 694 3213 et
749 3153 802 3213 si
845 3153 1142 3213 maculam
1190 3171 1310 3211 non
1364 3151 1573 3211 fecerit
1619 3150 1847 3227 optima
1893 3152 1953 3209 et
2006 3148 2330 3225 probabilis

311 3242 440 3301 erit.
528 3243 710 3303 missa
757 3242 940 3301 etiam
985 3242 1050 3300 in
1095 3259 1236 3301 vaso
1283 3259 1468 3301 aeneo
1514 3238 1705 3300 nitido
1750 3240 1803 3299 si
1854 3240 2095 3298 decocta
2148 3239 2331 3296 fuerit

233 3348 284 3391 ³5
312 3333 372 3388 et
423 3331 634 3390 limum
677 3332 775 3391 vel
826 3331 1114 3390 harenam
1157 3330 1220 3388 in
1273 3330 1456 3389 fundo
1503 3348 1623 3388 non
1666 3328 2001 3403 reliquerit,
2054 3328 2332 3404 legumen

179 3427 291 3483 293
311 3419 374 3476 in
430 3438 498 3477 ea
553 3420 606 3480 si
659 3420 777 3479 cito
832 3423 1139 3496 coquatur,
1200 3418 1359 3479 bona
1398 3415 1406 3498 Ι
1448 3418 1603 3478 erit.·
1670 3435 1789 3476 non
1842 3416 2036 3474 minus
2092 3415 2144 3474 si
2198 3434 2330 3490 per-

308 3506 494 3566 lucidi
553 3510 746 3567 fontes
808 3508 1033 3567 fuerint
1096 3510 1156 3567 et
1219 3508 1345 3567 sine
1408 3526 1610 3568 musco
1672 3508 1778 3564 aut
1832 3503 2185 3580 quibusdam
2242 3504 2330 3561 in-

417 3615 621 3656 vznuv.
651 3616 706 3656 de
745 3616 978 3658 architect.
1007 3618 1076 3659 ed.
1106 3616 1267 3657 Bone.
1912 3606 1977 3655 19
