2664 3927
39 859 322 1225 J

291 2107 326 2156 2

355 166 442 231 32
1200 165 1531 221 VITRUVII

355 317 427 375 de
474 316 874 375 aedificiorum
917 316 1251 377 rationibus
1296 316 1452 375 unde
1498 315 1674 375 initia
1720 315 1985 392 ceperint
2030 318 2090 373 et
2126 316 2218 375 uti
2256 336 2376 375 cre-

356 405 552 464 verint
587 424 790 464 eorum
816 396 1204 487 invenltiones
1235 402 1374 463 ante
1400 423 1639 481 ponam,
1678 407 1739 464 et
1768 404 2050 480 insequar
2073 404 2377 482 ingressus
2397 413 2486 465 (1⁰)

358 493 739 569 antiquitatis
774 514 974 553 rerum
1011 495 1260 553 naturae
1299 496 1360 552 et
1397 512 1600 552 eorum
1634 494 1739 569 qui
1772 493 1950 552 initia
1984 491 2377 553 humanitatis

359 587 420 642 et
480 582 852 667 inventiones
915 582 1275 659 perquisitas
1342 582 1696 658 scriptorum
1757 582 2089 658 praeceptis
2146 582 2377 641 dedica-

358 674 587 731 verunt.
678 672 882 747 itaque
931 671 1430 747 quemadmodum
1483 671 1559 729 ab
1602 671 1697 729 his
1743 689 1877 730 sum
1920 670 2237 730 institutus
2284 690 2378 729 ex·
2409 691 2434 731 5

356 779 594 836 ponam.

493 847 778 908 Homines
815 848 1004 908 veteri
1047 867 1210 907 more
1255 850 1324 907 ut
1369 849 1531 907 ferae
1576 848 1639 907 in
1686 848 1851 907 silvis
1890 850 1951 905 et
1987 848 2280 924 speluncis
2319 851 2380 907 et

361 929 732 1019 {nemoribus
769 938 1167 997 nascebantur
1202 938 1452 1013 ciboque
1492 937 1714 1014 agresti
1740 938 2027 996 vescendo
2057 937 2245 996 vitam
2282 956 2377 995 ex·
2398 947 2486 1001 (15)

357 1026 620 1104 igebant.
724 1026 952 1085 interea
1017 1027 1275 1103 quodam
1338 1027 1404 1085 in
1465 1026 1597 1085 loco
1662 1024 1736 1083 ab
1800 1026 2253 1101 tempestatibus
2321 1028 2382 1084 et

358 1115 552 1174 ventis
617 1114 832 1174 densae
889 1115 1306 1175 crebritatibus
1364 1114 1603 1175 arbores
1659 1114 1926 1191 agitatae
1986 1116 2045 1173 et
2106 1114 2265 1173 inter
2318 1133 2380 1174 se
2410 1136 2463 1175 ιο

357 1204 617 1262 terentes
646 1221 840 1263 ramos
873 1204 1076 1281 ignem
1109 1206 1539 1278 excitaverunt,
1577 1204 1638 1261 et
1673 1221 1742 1263 eo
1780 1202 2019 1262 flamma
2046 1203 2383 1263 vehementi

359 1292 662 1368 perterriti
707 1293 810 1369 qui
857 1293 1014 1352 circa
1061 1314 1194 1352 eum
1239 1294 1437 1352 locum
1480 1293 1722 1351 fuerunt
1766 1294 1906 1350 sunt
1949 1293 2163 1369 fugati.
2243 1296 2383 1369 post

361 1400 433 1439 ea
468 1372 757 1463 reiquieta
793 1382 1036 1457 propius
1076 1382 1420 1441 accedentes
1458 1400 1592 1439 cum
1628 1380 2189 1440 animadvertissent
2225 1401 2379 1441 com·
2401 1391 2487 1444 (80)

361 1469 712 1529 moditatem
747 1489 873 1529 esse
910 1490 1192 1548 magnam
1227 1469 1571 1545 corporibus
1610 1469 1687 1529 ad
1713 1469 1869 1547 ignis
1896 1473 2181 1545 teporem,
2215 1470 2381 1548 ligna

362 1558 683 1618 adicientes
748 1561 809 1617 et
862 1559 952 1618 ita
1007 1561 1425 1618 conservantes
1484 1558 1631 1618 alios
1686 1558 2060 1617 adducebant
2115 1561 2177 1618 et
2228 1562 2383 1618 nutu
2412 1579 2462 1619 15

359 1650 759 1707 monstrantes
825 1637 1214 1706 ostendebant
1269 1666 1419 1723 quas
1473 1647 1759 1706 haberent
1814 1666 1884 1705 ex
1939 1666 2007 1706 eo
2066 1646 2380 1706 utilitates.

359 1737 422 1793 in
470 1755 538 1795 eo
583 1736 892 1794 hominum
939 1755 1259 1814 congressu
1305 1755 1441 1795 cum
1485 1735 1999 1812 profundebantur
2043 1736 2219 1795 aliter
2264 1736 2382 1812 spi-

359 1824 482 1882 ritu
522 1843 713 1898 voces,
757 1825 1059 1884 cotidiana
1100 1819 1108 1907 Ι
1150 1825 1573 1885 consuetudine
1610 1823 1900 1884 vocabula
1936 1828 2005 1883 ut
2042 1825 2381 1901 obtigerant
2401 1836 2488 1886 (25)

363 1912 822 1989 constituerunt,
877 1914 1086 1973 deinde
1142 1914 1529 1992 significando
1584 1932 1675 1974 res
1732 1914 1971 1990 saepius
2025 1913 2088 1974 in
2142 1933 2257 1974 usu
2313 1932 2385 1974 ex

363 2006 579 2062 eventu
642 2004 758 2061 fari
820 2004 1070 2064 fortuito
1125 2007 1450 2080 coeperunt
1504 2006 1565 2062 et
1616 2003 1705 2063 ita
1759 2022 2056 2063 sermones
2109 2004 2268 2063 inter
2320 2023 2382 2063 se
2412 2023 2465 2063 πο

362 2096 837 2167 procreaverunt.
930 2111 1068 2170 ergo
1125 2112 1258 2152 cum
1307 2096 1555 2170 propter
1600 2091 1753 2169 ignis
1798 2091 2201 2152 inventionem
2249 2111 2381 2152 con-

360 2183 572 2240 ventus
635 2179 810 2239 initio
869 2181 1031 2258 apud
1092 2182 1362 2241 homines
1426 2185 1487 2240 et
1534 2177 1543 2260 Ι
1593 2181 1910 2240 concilium
1956 2184 2017 2240 et
2080 2181 2383 2241 convictus
2411 2187 2487 2244 34

363 2272 518 2328 esset
552 2272 750 2344 natus,
789 2273 848 2328 et
881 2269 946 2328 in
983 2289 1170 2329 unum
1203 2271 1405 2330 locum
1439 2271 1641 2346 plures
1678 2270 2062 2329 convenirent
2096 2269 2381 2328 habentes

363 2358 437 2417 ab
500 2360 720 2416 natura
781 2361 1115 2434 praemium
1175 2363 1417 2435 praeter
1477 2359 1713 2434 reliqua
1778 2358 2062 2417 animalia
2123 2360 2192 2417 ut
2262 2376 2383 2416 non

361 2446 536 2522 proni
581 2446 684 2504 sed
721 2447 903 2506 erecti
946 2447 1326 2507 ambularent
1359 2447 1685 2522 mundique
1724 2449 1785 2506 et
1821 2449 2117 2506 astrorum
2152 2447 2381 2523 magni·
2412 2467 2462 2506 25

361 2535 685 2593 ficientiam
748 2535 1104 2612 aspicerent,
1176 2537 1322 2595 item
1384 2536 1657 2596 manibus
1724 2539 1783 2594 et
1846 2526 2131 2616 artilculis
2199 2554 2384 2611 quam
2402 2544 2463 2597 (⁵)

363 2624 586 2683 vellent
631 2643 757 2682 rem
801 2625 1060 2684 faciliter
1101 2628 1450 2701 tractarent,
1497 2627 1816 2700 coeperunt
1860 2624 1923 2681 in
1961 2642 2029 2682 eo
2068 2626 2243 2682 coetu
2280 2623 2387 2683 alii

365 2713 438 2770 de
482 2712 690 2772 fronde
735 2714 928 2772 facere
965 2716 1143 2789 tecta,
1191 2714 1296 2772 alii
1334 2715 1643 2790 speluncas
1680 2713 1879 2773 fodere
1918 2712 2025 2771 sub
2062 2713 2384 2789 montibuS‚

366 2802 636 2861 nonnulli
678 2802 1064 2861 hirundinum
1108 2803 1279 2863 nidos
1327 2807 1388 2862 et
1433 2802 1870 2862 aedificationes
1908 2819 2112 2860 earum
2146 2802 2387 2861 imitan-

509 2995 550 3043 1·
579 2987 827 3058 ceperint
865 2990 991 3045 GS:
1030 2989 1317 3060 coeperint
1353 2991 1422 3045 H
1425 2990 1560 3060 (6³⁰).
1588 2992 1607 3059 ΙΙ
1635 2995 1668 3042 3
1695 2988 2069 3043 humanitatis
2110 2990 2237 3045 G-S:
2276 2990 2382 3042 ·tes

366 3095 443 3150 Η.
473 3097 492 3165 ιι
522 3099 551 3148 7
579 3097 767 3149 vetere
802 3113 844 3150 ω
881 3098 970 3166 (ef.
995 3115 1053 3167 p.
1081 3101 1174 3164 20,
1193 3100 1306 3166 22).
1334 3098 1353 3166 ιι
1382 3100 1413 3149 s
1452 3074 1717 3151 exiebant
1746 3096 1845 3164 Hc,
1882 3095 2089 3167 exi<ge
2116 3098 2179 3149 in
2205 3093 2386 3166 ras.)-

365 3166 508 3220 bant
542 3165 608 3222 S⁰
639 3168 679 3220 i.
716 3183 758 3221 e.
798 3165 1063 3222 exiebant
1087 3167 1223 3223 HS:
1264 3166 1532 3238 eigebant
1558 3168 1624 3222 G.
1652 3169 1671 3236 ΙΙ
1701 3172 1731 3219 9
1770 3165 2017 3236 quodam
2046 3166 2170 3222 GSz
2208 3181 2385 3233 quon-

368 3237 502 3290 dam
527 3235 606 3292 H.
639 3236 648 3310 Ι
681 3236 754 3290 ab
784 3238 918 3293 HS:
957 3255 992 3292 a
1023 3238 1089 3294 G.
1117 3240 1137 3308 ΙΙ
1166 3244 1230 3291 11
1272 3253 1338 3292 eo
1370 3238 1478 3294 GS
1507 3240 1597 3306 (ea
1624 3238 1732 3307 S⁰)=
1771 3253 1866 3292 eos
1894 3235 1971 3292 H.
2000 3239 2114 3307 1112
2152 3234 2387 3305 effugati

369 3308 424 3362 S.
453 3310 472 3376 n
500 3313 566 3360 13
602 3307 860 3376 requieta
885 3309 956 3364 ,Η
959 3309 1003 3365 S
1033 3309 1326 3380 (re;quieta
1356 3309 1462 3379 S⁰):
1500 3307 1693 3378 requie
1731 3308 1869 3363 data
1900 3309 1966 3364 G.
2000 3311 2009 3379 1
2040 3308 2295 3377 proprius
2326 3306 2394 3360 H

369 3384 419 3430 et
445 3385 573 3433 ante
598 3395 710 3434 ras.
738 3379 792 3434 S.
825 3385 834 3447 Ι
866 3397 993 3434 cum
1021 3411 1090 3421 —-
1118 3383 1229 3450 (15)
1267 3379 1575 3434 adicientes
1612 3396 1712 3435 om.
1742 3380 1788 3435 S
1810 3381 1924 3449 (sed
1950 3381 2013 3434 in
2038 3381 2153 3433 ima
2172 3379 2390 3449 payina

369 3449 578 3503 calamo
621 3451 886 3519 impressa
927 3453 1142 3522 supplet
1178 3450 1278 3520 δ’).
1324 3452 1345 3520 u
1391 3455 1458 3504 15
1496 3450 1603 3505 ita:
1641 3449 1700 3504 id
1737 3469 1793 3507 ω.
1839 3454 1858 3521 ΙΙ
1906 3455 1972 3504 17
2010 3447 2244 3518 espiritu
2278 3467 2333 3504 x.
2368 3445 2391 3521 ΙΙ

375 3521 440 3569 18
479 3518 801 3588 obtigerant
829 3522 1018 3593 S(G⁶)=
1057 3523 1388 3592 optegerent
1415 3521 1601 3592 H(G).
