2664 3927
750 183 846 237 DE
885 183 1447 238 ARCHITECTURA
1483 183 1617 239 Lm.
1656 183 1801 251 vm,
1840 190 1873 237 3
2199 173 2325 248 '193
2375 193 2381 200 ·

196 357 202 366 ·
301 345 506 395 sereno
579 335 772 393 caelo·
817 333 1040 393 emittit
1112 333 1227 393 olei
1289 339 1573 412 magnam
1633 326 2122 410 multitudinem,
2178 324 2329 394 item

305 423 652 501 Carthagini
713 425 846 481 fons
908 421 973 480 in
1030 440 1148 498 quo
1200 425 1375 482 natat
1426 423 1669 500 insuper
1723 424 1943 499 oleum,
1998 422 2177 483 odore
2232 420 2330 482 uti

303 513 494 572 scobis
549 513 759 587 citrea,
813 530 933 587 quo
989 511 1119 570 oleo
1175 511 1357 570 etiam
1410 531 1627 588 pecora
1680 513 1872 572 solent
1915 513 2123 590 ungui.
2217 513 2327 571 Za-

192 615 288 666 (20)
308 603 526 678 cyntho
582 604 643 659 et
697 601 852 660 circa
906 600 1304 676 Dyrrachium
1361 604 1422 660 et
1474 601 1856 677 Apolloniam
1900 602 2095 672 fontes
2136 596 2145 678 1
2186 604 2330 660 sunt

251 712 276 752 5
305 691 412 766 qui
471 691 641 766 -picis
712 707 994 767 magnam
1066 689 1514 748 multitudinem
1586 709 1723 748 cum
1796 710 1954 767 aqua
2026 693 2329 750 evomunt.

302 780 609 857 Babylone
654 779 818 837 lacus
863 777 1225 853 amplissima
1260 778 1673 854 magnitudine
1710 779 1814 855 qui
1851 779 2034 852 λιμνη
2074 778 2324 852 αεφαλ-

271 869 456 928 ’τιτιε
520 867 888 942 appellatur,
947 866 1130 925 habet
1187 885 1368 942 supra
1420 870 1635 926 natans
1689 868 1984 944 liquidum
2044 867 2329 942 bitumen,

166 968 284 1024 196
305 975 422 1033 quo
475 947 786 1036 bitulmine
841 958 901 1014 et
955 956 1144 1014 latere
1199 957 1461 1014 testaceo
1517 959 1811 1015 structum
1853 977 2091 1016 murum
2136 957 2329 1016 Sami·

311 1045 492 1104 ramis
557 1041 944 1103 circumdedit
1006 1043 1318 1119 Babyloni.
1419 1044 1563 1102 item
1626 1045 1767 1121 Iope
1830 1046 1893 1104 in
1948 1046 2123 1120 Syria
2176 1046 2329 1105 Ara÷

227 1157 280 1196 ιο
306 1135 525 1209 biaque
589 1133 927 1192 Nomadum
1002 1133 1171 1191 lacus
1245 1135 1388 1192 sunt
1459 1132 1687 1191 inmani
1748 1135 2159 1212 magnitudine
2222 1135 2334 1210 qui

309 1223 594 1282 emittunt
655 1221 968 1280 bituminis
1031 1221 1322 1280 maximas
1385 1221 1598 1295 moleS,
1664 1236 1812 1297 quas
1876 1223 2170 1298 diripiunt
2222 1223 2331 1299 qui

227 1325 288 1375 (5)
306 1311 586 1370 habitant
658 1312 828 1370 circa.
936 1310 1000 1368 id
1073 1313 1277 1369 autem
1348 1329 1467 1368 non
1518 1305 1526 1387 Ι
1577 1313 1665 1370 est
1725 1311 2081 1369 mirandum.
2188 1331 2329 1370 nam
2368 1330 2401 1377 9

310 1401 548 1460 crebrae
611 1404 754 1459 sunt
815 1399 902 1458 ibi
963 1399 1321 1475 lapidicinae
1386 1399 1699 1457 bituminis
1755 1399 1903 1457 duri.
1996 1417 2133 1458 cum
2187 1419 2328 1476 ergo

310 1509 416 1566 per
459 1489 883 1549 bituminosam
930 1491 1152 1547 terram
1196 1489 1287 1548 vis
1335 1488 1591 1564 erumpit
1637 1497 1847 1564 aquae,
1892 1495 2111 1547 secum·
2138 1492 2331 1548 extra-

231 1599 282 1638 15
308 1580 427 1654 hit,
491 1582 552 1637 et
615 1598 758 1637 cum-
814 1577 895 1636 sit
957 1595 1192 1655 egressa
1249 1580 1417 1636 extra
1470 1579 1691 1636 terram
1747 1575 2075 1636 secernitur
2130 1579 2191 1636 et
2241 1578 2333 1636 ita

316 1667 489 1727 reicit
551 1667 625 1726 ab
691 1686 752 1726 se
815 1666 1102 1725 bitumen.
1193 1665 1494 1742 etiamque
1559 1668 1650 1724 est
1710 1665 1774 1723 in
1829 1665 2207 1742 Cappadocia
2270 1667 2337 1726 in

204 1783 238 1793 ··
310 1757 524 1815 itinere
572 1756 732 1831 quod
777 1757 869 1814 est
913 1756 1070 1814 inter
1113 1755 1357 1814 Mazaca
1404 1757 1464 1812 et
1501 1755 1709 1830 Tyana
1753 1755 1921 1814 lacus
1969 1755 2224 1831 amplus,
2268 1755 2335 1813 in

203 1855 292 1906 (ιο)
314 1864 490 1920 quem
530 1841 540 1922 1
578 1845 778 1902 lacum
841 1863 980 1919 pars
1046 1844 1168 1904 sive
1231 1843 1583 1902 harundinis
1646 1844 1769 1903 sive
1834 1844 1939 1902 alii
1996 1845 2227 1921 generis
2282 1846 2337 1902 si

312 1933 566 1991 demissa
609 1934 798 1991 fuerit
834 1935 895 1991 et
929 1935 1167 2009 postero
1206 1932 1300 1991 die
1339 1935 1627 2009 exempta,
1674 1950 1745 1992 ea
1778 1951 1919 2014 pars
1957 1951 2111 2009 quae
2148 1933 2339 1992 fuerit

232 2044 286 2083 20
315 2025 588 2097 exempta
629 2022 968 2080 invenietur
1002 2022 1257 2098 lapidea,
1279 2048 1283 2052 ·
1306 2042 1461 2098 quae
1498 2025 1699 2083 autem
1734 2040 1873 2098 pars
1912 2025 2079 2081 extra
2118 2022 2337 2099 aquam

240 2115 246 2121 '
312 2111 599 2169 manserit
644 2113 952 2185 permanet
985 2110 1051 2169 in
1087 2128 1196 2169 sua
1233 2112 1619 2187 proprietate.
1691 2110 1767 2169 ad
1804 2112 2055 2170 eundem
2089 2112 2335 2170 modum

311 2199 624 2275 Hierapoli
676 2199 974 2277 Phrygiae
1040 2200 1282 2259 effervet
1347 2220 1537 2275 aquae
1604 2200 1830 2259 calidae
1883 2200 2236 2275 multitudo,
2302 2220 2336 2258 e

202 2302 290 2352 (15)
313 2306 436 2365 qua
480 2290 700 2347 circum
741 2280 962 2369 horltos
1009 2291 1069 2347 et
1102 2289 1306 2348 vineas
1352 2290 1527 2347 fossis
1564 2288 1758 2348 ductis
1793 2290 2141 2364 inmittitur,
2183 2290 2335 2347 haec

313 2379 518 2437 autem
545 2377 802 2435 efficitur
828 2380 965 2453 post
993 2397 1214 2436 annum
1242 2381 1443 2437 crusta
1470 2378 1722 2453 lapidea.
1779 2379 1984 2455 itaque
2012 2379 2337 2453 quotannis

232 2486 285 2529 25
315 2467 521 2526 dextra
585 2484 654 2525 ac
718 2466 958 2525 sinistra
1012 2468 1310 2543 margines
1366 2487 1435 2524 ex
1488 2470 1650 2525 terra
1703 2466 1984 2525 faciundo
2040 2465 2337 2525 inducunt

2374 2126 2445 2175 10

315 2576 445 2615 eam
501 2558 561 2614 et
614 2554 880 2613 efficiunt
931 2556 1025 2613 his
1081 2556 1296 2615 crustis
1351 2556 1415 2614 in
1460 2556 1619 2632 agris
1666 2558 1887 2631 saepta.
1975 2556 2090 2614 hoc
2135 2558 2338 2613 autem
2414 2560 2421 2583 ³

205 2660 208 2665 ·
313 2646 427 2704 ita.
456 2644 696 2703 videtur
740 2644 1102 2703 naturaliter
1128 2643 1300 2719 ¹fieri,
1350 2643 1511 2721 quod
1555 2645 1619 2701 in
1663 2644 1715 2702 is
1759 2644 1906 2702 locis
1952 2647 2013 2703 et
2060 2663 2130 2703 ea
2174 2646 2339 2729 terra

460 2872 490 2919 2
518 2868 643 2920 fons
679 2866 741 2921 in
777 2883 888 2935 quo
919 2866 980 2920 H
991 2866 1134 2922 EG
1172 2866 1296 2919 fons
1336 2884 1367 2920 e
1404 2866 1465 2920 in
1500 2882 1611 2934 quo
1641 2866 1695 2921 S.
1729 2867 1738 2936 1
1768 2866 1855 2920 uti
1890 2867 2053 2921 scobe
2093 2866 2268 2921 citreo
2296 2884 2338 2920 x

315 2942 379 3007 (s,
415 2938 676 2992 citrea=
695 2937 899 2993 cedrea
916 2937 1053 3019 Mir:
1074 2937 1247 2992 Arist.
1281 2943 1413 2993 113.
1458 2940 1649 3004 κέδρος
1682 2938 1775 2993 lat.
1811 2936 2021 3005 aitrus).
2051 2938 2130 3007 113
2159 2937 2339 3009 ungui

313 3008 381 3065 S.
437 3026 512 3062 un
515 3008 635 3079 geri
672 3009 762 3077 H,
815 3008 1054 3089 ungueri
1091 3008 1212 3063 EG
1265 3010 1356 3078 (cf.
1408 3008 1606 3063 Theod.
1654 3008 1829 3065 Prisc.
1840 3008 2081 3077 ὑπεὶρ
2135 3012 2280 3074 54.7)
2322 3008 2333 3080 1

313 3080 576 3135 zachinto
604 3099 659 3136 x.
689 3083 708 3150 11
733 3086 769 3133 4
808 3077 1150 3134 dirrachium
1175 3097 1230 3134 ω.
1259 3081 1339 3149 115
1368 3096 1550 3148 aquae
1577 3080 1809 3133 vomunt
1836 3060 1906 3134 H
1924 3082 2057 3150 (non
2085 3080 2299 3149 EGS).
2330 3078 2341 3151 1

318 3157 350 3204 6
379 3150 736 3206 babilonem..
752 3150 1004 3233 [limnea
1031 3168 1058 3205 s
1099 3081 1429 3219 art-‚acisaem
1456 3156 1487 3203 8
1517 3166 1628 3218 quo
1648 3149 1777 3205 SE⁰
1790 3149 1888 3205 G⁶z
1875 3150 2070 3219 ·quod
2088 3150 2299 3205 ΗΕΘ.

317 3227 616 3290 eameram(
618 3240 656 3275 n
684 3223 802 3291 S)1s
837 3224 959 3304 ,1111
1004 3226 1035 3275 9
1115 3220 1268 3291 aby(i
1297 3222 1367 3275 Η
1369 3221 1583 3289 E)lone
1614 3224 1747 3292 (·em
1776 3222 1859 3292 Ε)
1899 3239 1954 3276 x.
2001 3222 2010 3289 1
2057 3222 2190 3303 tope
2224 3239 2283 3277 x.

317 3282 388 3345 10
424 3292 770 3349 Nomadum:
777 3292 1165 3405 ¹²numldarum
1198 3310 1254 3347 x.
1309 3294 1329 3362 11
1387 3297 1451 3346 16
1491 3309 1526 3347 a
1562 3309 1621 3347 se
1650 3293 1703 3349 S.
1754 3291 1764 3365 1
1814 3291 2120 3363 capodocia
2148 3292 2284 3349 EG.

321 3403 386 3452 17
410 3399 457 3452 85
483 3400 660 3453 tuana
687 3368 798 3467 (ett
799 3414 945 3454 uana
968 3400 1039 3470 G)
1057 3416 1112 3453 x.
1147 3397 1203 3470 1
1187 3416 1361 3468 mqua
1386 3398 1517 3453 lacu
1544 3400 1675 3469 (quo
1704 3398 1834 3453 lacu
1855 3398 1948 3468 Ge)
1971 3399 2024 3454 G
2042 3400 2176 3467 (non
2194 3392 2302 3467 Ε..)
2320 3398 2343 3470 11

322 3475 389 3523 19
429 3468 682 3524 dimissa
697 3488 738 3524 x
775 3458 1039 3552 (demissa
1070 3471 1180 3539 G0'.)
1231 3474 1238 3539 1
1287 3474 1516 3553 postera
1547 3471 1599 3525 G
1635 3474 1768 3540 (non
1796 3470 1895 3540 Ε).
1952 3471 1972 3539 11
2025 3474 2093 3521 22
2132 3486 2162 3523 e
2199 3482 2342 3537 qua.

321 3539 559 3611 equibus
577 3560 632 3596 x.
661 3543 680 3610 11
707 3548 776 3594 24
802 3541 888 3596 ita
915 3559 967 3610 q.
988 3558 1042 3597 x.
1071 3544 1090 3612 11
1119 3548 1187 3595 26
1205 3540 1319 3598 his:
1348 3541 1410 3597 in
1436 3540 1525 3597 his
1544 3560 1599 3599 x.
1633 3543 1641 3611 1
1676 3540 1919 3609 septaxs
1916 3542 1956 3610 -11
1983 3546 2051 3593 27
2070 3539 2146 3594 is:
2174 3540 2264 3594 his
2282 3557 2343 3594 x.

428 3638 720 3681 νιππᾶο
782 3640 988 3682 temet
1019 3640 1195 3683 cano
1920 3634 1985 3682 13
