2664 3927
353 190 481 254 180
1199 184 1529 239 mrim-vn
2613 115 2627 302 Ι

344 335 629 418 (rerum)
660 331 666 420 Ι
699 341 949 397 naturae
982 336 1491 396 considerantibus
1529 335 1967 410 admirationes»,
2005 335 2166 411 quod
2190 334 2380 393 habet
2401 343 2530 399 182

351 449 472 488 non
505 430 569 487 in
607 427 876 489 omnibus
913 426 1059 485 locis
1098 425 1312 501 quibus
1339 425 1605 483 nascitur
1629 425 1806 484 unius
1837 424 2066 502 generis
2096 425 2375 497 colorem,

281 536 313 581 2
352 519 453 578 sed
492 518 631 577 solis
670 535 844 575 cursu
877 514 1236 573 naturaliter
1269 517 1652 589 temperatur.
1723 514 1928 589 itaque
1959 514 2118 589 quod
2151 512 2378 590 legitur

349 608 543 667 Ponto
601 610 661 664 et
717 604 942 678 Gallia,
1008 602 1164 678 quod
1226 603 1339 661 hae
1402 604 1672 679 regiones
1736 606 1876 661 sunt
1931 602 2233 679 proximae
2293 602 2377 659 ad

352 695 829 772 septentrionem,
871 687 879 770 Ι
922 694 1013 751 est
1068 694 1280 751 atrum.
1372 691 1884 769 progredientibus
1939 691 2096 750 inter
2141 694 2375 767 septen·
2410 712 2442 751 5

350 786 607 843 trionem
671 786 730 841 et
794 781 1156 840 occidentem
1216 780 1521 839 invenitur
1581 780 1849 839 lividum.
1951 780 2109 855 quod
2172 783 2378 838 autem

352 874 573 951 legitur
608 872 686 929 ad
722 869 1217 946 aequinoctialem
1244 870 1531 954 ozjentem
1561 872 1622 928 et
1659 870 2038 944 occidentem,
2073 869 2380 927 invenitur

278 984 281 989 ·
352 963 617 1021 violaceo
660 960 870 1018 colore.
946 958 1102 1034 quod
1138 977 1277 1017 vero
1314 958 1658 1017 meridianis
1692 958 2030 1035 regionibus
2068 958 2381 1033 excipitur,

352 1051 532 1109 rubra
567 1050 913 1125 procreatur
947 1050 1263 1124 potestate,
1302 1051 1364 1105 et
1399 1047 1531 1106 ideo
1568 1047 1680 1105 hoc
1714 1047 1923 1106 Rhodo
1963 1047 2144 1106 etiam
2177 1046 2380 1105 insula

356 1142 590 1198 creatur
655 1137 980 1213 ceterisque
1030 1132 1038 1215 Ι
1090 1136 1379 1195 eiusmodi
1442 1136 1782 1213 regionibus
1856 1154 2008 1211 quae
2070 1136 2378 1211 proximae
2413 1157 2472 1195 10

287 1245 319 1291 3
357 1232 496 1287 sunt
532 1227 672 1286 solis
711 1226 922 1286 cursui.
997 1245 1067 1285 ea
1105 1226 1416 1301 conchylia
1443 1244 1578 1284 cum
1615 1228 1756 1283 sunt
1789 1224 1966 1300 lecta,
2001 1224 2379 1283 ferramentis

358 1318 512 1377 circa
586 1316 958 1389 scinduntur,
1022 1335 1053 1373 e
1118 1315 1330 1390 quibus
1394 1316 1590 1391 plagis
1654 1332 1954 1390 purpurea
2019 1314 2210 1372 sanies
2285 1314 2382 1371 uti

355 1408 603 1466 lacrima
646 1405 941 1481 profluens
989 1422 1230 1462 excussa
1265 1404 1329 1461 in
1365 1404 1665 1462 mortariis
1700 1402 1944 1461 terendo
1983 1405 2384 1478 comparatur,

357 1499 420 1555 et
474 1494 633 1571 quod
688 1514 757 1552 ex
812 1493 1167 1552 concharum
1224 1494 1590 1550 marinarum
1652 1491 1823 1551 testis
1888 1492 2181 1567 eximitur,
2242 1492 2380 1549 ideo

358 1588 585 1643 ostrum
622 1586 713 1641 est
748 1582 1092 1641 vocitatum.
1164 1580 1228 1638 id
1275 1584 1474 1639 autem
1515 1575 1522 1658 Ι
1562 1584 1806 1656 propter
1851 1582 2213 1658 salsuginem
2257 1580 2380 1639 cito
2417 1602 2472 1641 15

356 1674 428 1732 fit
472 1673 862 1745 siticulosum,
906 1671 1023 1729 nisi
1066 1672 1184 1728 mel
1229 1670 1451 1727 habeat
1495 1671 1650 1728 circa
1694 1672 1907 1728 fusum.

232 1772 360 1827 XIV
493 1761 677 1819 Fiunt
715 1760 899 1819 etiam
933 1758 1217 1835 purpurei
1254 1758 1478 1817 colores
1514 1759 1736 1817 infecta
1764 1761 1924 1818 creta
1949 1757 2155 1816 rubiae
2182 1758 2383 1817 radice

360 1854 421 1909 et
463 1850 736 1925 hysginO,
781 1867 900 1907 non
945 1849 1139 1907 minus
1186 1851 1246 1906 et
1293 1867 1363 1905 ex
1407 1847 1648 1906 floribus
1695 1848 1803 1906 alii
1848 1847 2086 1908 colores.
2173 1849 2384 1922 itaque

358 1942 612 1999 tectores
678 1957 810 1998 cum
864 1937 1076 1998 volunt
1139 1938 1213 1996 sil
1266 1937 1517 1996 atticum
1570 1936 1822 2013 imitari,
1874 1937 2097 1996 violam
2151 1936 2387 1995 aridam

362 2019 693 2108 coilcientes
748 2029 813 2085 in
866 2045 971 2086 vas
1028 2046 1161 2085 cum
1215 2046 1399 2102 aqua,
1464 2027 1966 2086 confervefaciunt
2025 2027 2103 2084 ad
2163 2027 2386 2103 ignem,
2419 2049 2476 2086 20

362 2116 574 2175 deinde
621 2135 754 2174 cum
801 2118 891 2173 est
932 2118 1330 2191 temperatum
1376 2115 1634 2174 coiciunt
1685 2115 1750 2173 in
1798 2115 2076 2189 linteum,
2131 2117 2192 2173 et
2243 2115 2387 2173 inde

361 2206 635 2264 manibus
700 2205 1091 2279 exprimentes
1153 2205 1450 2280 recipiunt
1510 2205 1574 2262 in
1635 2205 1986 2263 mortarium
2039 2223 2257 2279 aquam
2315 2223 2389 2262 ex

362 2295 538 2355 violis
585 2295 928 2366 coloratam,
974 2295 1034 2350 et
1080 2311 1147 2351 eo
1185 2296 1410 2351 cretam
1443 2293 1823 2353 infundentes
1861 2296 1921 2352 et
1957 2311 2090 2352 eam
2124 2295 2386 2352 terentes

293 2401 325 2447 2
364 2384 632 2442 efficiunt
695 2382 820 2441 silis
885 2383 1054 2440 attici
1119 2383 1392 2442 colorem.
1491 2382 1697 2440 eadem
1757 2382 1989 2441 ratione
2052 2382 2390 2440 vaccinium

364 2475 761 2548 temperantes
788 2474 847 2530 et
872 2471 1027 2529 lacte
1055 2461 1063 2551 Ι
1091 2472 1402 2529 miscentes
1431 2490 1756 2546 purpuram
1781 2471 2011 2529 faciunt
2033 2471 2388 2548 elegantem.
2422 2493 2479 2531 25

364 2563 512 2621 item
567 2562 670 2636 qui
722 2579 842 2619 non
894 2563 1145 2636 possunt
1197 2561 1564 2636 chrysocolla
1616 2563 1862 2636 propter
1911 2560 2223 2618 caritatem
2275 2561 2390 2636 uti,

364 2650 547 2710 herba
586 2669 736 2726 quae
772 2651 1001 2708 luteum
1036 2649 1380 2724 appellatur
1415 2650 1749 2708 caeruleum
1784 2649 2072 2724 inficiunt,
2118 2651 2176 2707 et
2212 2644 2390 2728 <ita>

365 2743 619 2799 utuntur
644 2739 1002 2798 viridissimo
1031 2738 1241 2797 colore.
1308 2739 1454 2797 haec
1483 2741 1684 2797 autem
1719 2739 2002 2797 infectiva
2029 2738 2387 2814 appellatur.

364 2832 511 2889 item
555 2831 799 2904 propter
842 2828 1108 2904 inopiam
1152 2828 1366 2886 coloris
1410 2819 1611 2909 inldici
1646 2830 1866 2886 cretam
1902 2827 2246 2886 selinusiam
2283 2831 2392 2887 aut
2417 2838 2540 2894 188

514 2992 540 3033 1
563 2997 745 3034 rerum
762 2997 863 3035 om.
878 2998 932 3034 x.
948 2979 1014 3052 114
1034 2980 1138 3051 hee
1156 2979 1210 3036 S.
1225 2979 1290 3052 118
1305 2977 1545 3033 violacio
1565 2979 1691 3048 (-tio
1709 2980 1783 3034 Ge
1797 3005 1863 3024 =
1881 2977 1926 3034 S
1935 2989 1946 3034 1
1967 2997 2021 3034 x.
2043 2979 2063 3051 ΙΙ
2082 2985 2146 3032 17
2163 2979 2390 3036 rubiae:

368 3051 539 3105 rubra
573 3069 614 3105 x
652 3055 726 3117 (et
753 3050 935 3120 Fau).
989 3053 1010 3120 ΙΙ
1064 3055 1129 3105 18
1168 3052 1227 3105 et
1260 3049 1500 3120 hysgino
1536 3051 1731 3119 (Pam,
1755 3051 1878 3120 Ie.):
1917 3048 1963 3101 &
1992 3067 2239 3120 excygno
2277 3069 2334 3105 x.
2373 3051 2396 3124 ΙΙ

372 3129 437 3175 19
473 3123 715 3176 tectores
744 3124 829 3187 (ut
848 3140 907 3190 p.
939 3126 1068 3189 180,
1088 3126 1171 3175 14.
1196 3123 1287 3190 19)
1315 3139 1380 3176 ,τι
1418 3121 1659 3190 pictores
1691 3120 1833 3176 Fav.
1867 3120 1875 3192 Ι
1908 3120 2225 3176 silacticum
2262 3130 2395 3177 ante

369 3212 507 3248 corr.
519 3193 587 3246 H
599 3194 688 3261 (=
700 3192 795 3259 D,
811 3200 876 3247 ut
894 3190 1136 3246 silactici
1155 3194 1216 3247 Ε
1228 3211 1275 3248 v.
1287 3194 1399 3261 23).
1419 3194 1437 3262 ΙΙ
1456 3197 1524 3245 20
1542 3207 1642 3245 vas
1664 3208 1789 3245 cum
1809 3207 1958 3260 aqua
1973 3193 2034 3246 Ε
2043 3194 2121 3248 G:
2139 3208 2240 3246 vas
2261 3209 2394 3246 cum

371 3271 483 3331 qua
502 3264 582 3331 H,
598 3280 700 3318 vas
729 3269 841 3331 qua
861 3262 914 3317 S.
940 3262 946 3335 Ι
971 3263 1287 3318 confer-vere
1314 3262 1532 3317 faciunt
1547 3281 1602 3318 m.
1621 3262 1640 3334 ΙΙ
1659 3268 1723 3316 21
1756 3262 2001 3317 coiciunt
2027 3263 2266 3316 linteum
2283 3266 2393 3334 (-1“1)

371 3353 426 3388 oe.
455 3341 473 3399 ΙΙ
502 3340 568 3387 25
605 3335 813 3388 lactem
841 3333 1009 3402 (HE,
1036 3337 1115 3388 -te
1146 3335 1273 3404 GS)
1301 3353 1356 3388 x.
1387 3336 1406 3403 ΙΙ
1431 3340 1499 3387 27
1529 3334 1684 3387 luteii
1714 3333 1783 3386 H
1787 3333 1909 3402 SE,
1948 3350 2067 3387 -um
2099 3335 2150 3389 G
2181 3333 2397 3403 (lutear

376 3404 517 3458 Fav.
548 3406 616 3472 cf.
636 3405 785 3459 Ptin.
803 3409 894 3472 33,
908 3409 994 3458 87.
1017 3408 1107 3472 91,
1132 3407 1231 3459 ubi
1260 3407 1397 3476 1290:
1434 3405 1650 3458 luteum
1684 3406 1890 3473 putant
1925 3421 1961 3458 a
1996 3404 2116 3458 luto
2153 3405 2397 3460 herbam

377 3472 588 3527 dictam
610 3518 619 3528 .
644 3519 655 3530 .
680 3479 728 3545 .).
763 3481 771 3540 Ι
802 3476 885 3529 ita
905 3491 1004 3530 om.
1025 3493 1066 3529 ω
1083 3477 1229 3544 (add.
1255 3477 1607 3557 Oehmichen).
1636 3479 1654 3546 ΙΙ
1681 3481 1750 3529 28
1769 3475 2114 3530 viridissimii
2135 3480 2274 3546 (-um
2295 3478 2372 3532 H
2375 3482 2395 3545 )

379 3543 557 3596 colore
587 3547 721 3613 (-em
740 3547 828 3615 H)
848 3565 902 3601 x.
923 3545 943 3619 ΙΙ
961 3553 1027 3601 29
1058 3547 1327 3615 sinysiam
1348 3547 1429 3615 H,
1457 3546 1668 3616 symsia
1686 3547 1742 3615 S,
1771 3545 2024 3601 sinisiam
2052 3550 2132 3616 (41
2155 3549 2227 3617 G)
2248 3548 2394 3605 EG.
