<?xml version="1.0" encoding="UTF-8"?>
<!DOCTYPE html PUBLIC "-//W3C//DTD XHTML 1.0 Transitional//EN"
    "http://www.w3.org/TR/xhtml1/DTD/xhtml1-transitional.dtd">
<html xmlns="http://www.w3.org/1999/xhtml" xml:lang="en" lang="en">
 <head>
  <title>
</title>
<meta http-equiv="Content-Type" content="text/html;charset=utf-8" />
  <meta name='ocr-system' content='tesseract 3.04.00' />
  <meta name='ocr-capabilities' content='ocr_page ocr_carea ocr_par ocr_line ocrx_word'/>
</head>
<body>
  <div class='ocr_page' id='page_1' title='image "./vitruviidearchi00pollgoog_0188.png"; bbox 0 0 2664 3927; ppageno 0'>
   <div class='ocr_carea' id='block_1_1' title="bbox 351 165 1523 231">
    <p class='ocr_par' dir='ltr' id='par_1_1' title="bbox 351 165 1523 231">
     <span class='ocr_line' id='line_1_1' title="bbox 351 165 1523 231; baseline -0.009 -2"><span class='ocrx_word' id='word_1_1' title='bbox 351 166 478 231; x_wconf 80' lang='lat'><strong>152</strong></span> <span class='ocrx_word' id='word_1_2' title='bbox 1191 165 1523 220; x_wconf 80' lang='lat' dir='ltr'><strong>VITRUVn</strong></span> 
     </span>
    </p>
   </div>
   <div class='ocr_carea' id='block_1_2' title="bbox 279 311 2515 2890">
    <p class='ocr_par' dir='ltr' id='par_1_2' title="bbox 348 311 2472 749">
     <span class='ocr_line' id='line_1_2' title="bbox 349 311 2472 402; baseline 0.002 -26"><span class='ocrx_word' id='word_1_3' title='bbox 349 317 526 377; x_wconf 89' lang='lat' dir='ltr'><strong>debet</strong></span> <span class='ocrx_word' id='word_1_4' title='bbox 562 337 704 377; x_wconf 89' lang='lat' dir='ltr'><strong>cura</strong></span> <span class='ocrx_word' id='word_1_5' title='bbox 749 317 1272 392; x_wconf 75' lang='lat' dir='ltr'><strong>substructionum,</strong></span> <span class='ocrx_word' id='word_1_6' title='bbox 1320 316 1478 392; x_wconf 91' lang='lat' dir='ltr'><strong>quod</strong></span> <span class='ocrx_word' id='word_1_7' title='bbox 1521 316 1585 375; x_wconf 89' lang='lat' dir='ltr'><strong>in</strong></span> <span class='ocrx_word' id='word_1_8' title='bbox 1620 316 1715 376; x_wconf 91' lang='lat' dir='ltr'><strong>his</strong></span> <span class='ocrx_word' id='word_1_9' title='bbox 1751 317 1989 377; x_wconf 88' lang='lat' dir='ltr'><strong>infinita</strong></span> <span class='ocrx_word' id='word_1_10' title='bbox 2022 319 2173 377; x_wconf 84' lang='lat' dir='ltr'><strong>vitia</strong></span> <span class='ocrx_word' id='word_1_11' title='bbox 2208 311 2385 402; x_wconf 69' lang='lat' dir='ltr'><strong>sollet</strong></span> <span class='ocrx_word' id='word_1_12' title='bbox 2402 330 2472 382; x_wconf 80' lang='lat'><strong>(5)</strong></span> 
     </span>
     <span class='ocr_line' id='line_1_3' title="bbox 348 404 2382 486; baseline 0.002 -22"><span class='ocrx_word' id='word_1_13' title='bbox 348 408 544 467; x_wconf 86' lang='lat' dir='ltr'><strong>facere</strong></span> <span class='ocrx_word' id='word_1_14' title='bbox 587 410 782 466; x_wconf 89' lang='lat' dir='ltr'><strong>terrae</strong></span> <span class='ocrx_word' id='word_1_15' title='bbox 827 405 1146 482; x_wconf 76' lang='lat' dir='ltr'><strong>congestio.</strong></span> <span class='ocrx_word' id='word_1_16' title='bbox 1239 423 1310 463; x_wconf 88' lang='lat' dir='ltr'><strong>ea</strong></span> <span class='ocrx_word' id='word_1_17' title='bbox 1357 404 1515 464; x_wconf 91' lang='lat' dir='ltr'><strong>enim</strong></span> <span class='ocrx_word' id='word_1_18' title='bbox 1559 424 1680 465; x_wconf 91' lang='lat' dir='ltr'><strong>non</strong></span> <span class='ocrx_word' id='word_1_19' title='bbox 1724 409 1925 482; x_wconf 88' lang='lat' dir='ltr'><strong>potest</strong></span> <span class='ocrx_word' id='word_1_20' title='bbox 1971 426 2096 466; x_wconf 90' lang='lat' dir='ltr'><strong>esse</strong></span> <span class='ocrx_word' id='word_1_21' title='bbox 2145 427 2382 486; x_wconf 88' lang='lat' dir='ltr'><strong>semper</strong></span> 
     </span>
     <span class='ocr_line' id='line_1_4' title="bbox 348 495 2377 572; baseline 0 -17"><span class='ocrx_word' id='word_1_22' title='bbox 348 515 468 556; x_wconf 92' lang='lat' dir='ltr'><strong>uno</strong></span> <span class='ocrx_word' id='word_1_23' title='bbox 521 496 780 572; x_wconf 90' lang='lat' dir='ltr'><strong>pondere</strong></span> <span class='ocrx_word' id='word_1_24' title='bbox 836 513 956 569; x_wconf 89' lang='lat' dir='ltr'><strong>quo</strong></span> <span class='ocrx_word' id='word_1_25' title='bbox 1013 495 1164 553; x_wconf 90' lang='lat' dir='ltr'><strong>solet</strong></span> <span class='ocrx_word' id='word_1_26' title='bbox 1217 513 1343 553; x_wconf 91' lang='lat' dir='ltr'><strong>esse</strong></span> <span class='ocrx_word' id='word_1_27' title='bbox 1398 513 1506 569; x_wconf 90' lang='lat' dir='ltr'><strong>per</strong></span> <span class='ocrx_word' id='word_1_28' title='bbox 1563 497 1878 570; x_wconf 73' lang='lat' dir='ltr'><strong>aestatem,</strong></span> <span class='ocrx_word' id='word_1_29' title='bbox 1942 497 2046 555; x_wconf 91' lang='lat' dir='ltr'><strong>sed</strong></span> <span class='ocrx_word' id='word_1_30' title='bbox 2106 497 2377 557; x_wconf 86' lang='lat' dir='ltr'><strong>hibernis</strong></span> 
     </span>
     <span class='ocr_line' id='line_1_5' title="bbox 353 583 2382 661; baseline 0 -17"><span class='ocrx_word' id='word_1_31' title='bbox 353 585 724 661; x_wconf 83' lang='lat' dir='ltr'><strong>temporibus</strong></span> <span class='ocrx_word' id='word_1_32' title='bbox 786 583 1124 658; x_wconf 89' lang='lat' dir='ltr'><strong>recipiendo</strong></span> <span class='ocrx_word' id='word_1_33' title='bbox 1190 602 1261 640; x_wconf 88' lang='lat' dir='ltr'><strong>ex</strong></span> <span class='ocrx_word' id='word_1_34' title='bbox 1323 583 1613 642; x_wconf 84' lang='lat' dir='ltr'><strong>imbribus</strong></span> <span class='ocrx_word' id='word_1_35' title='bbox 1679 602 1871 659; x_wconf 87' lang='lat' dir='ltr'><strong>aquae</strong></span> <span class='ocrx_word' id='word_1_36' title='bbox 1932 585 2382 644; x_wconf 78' lang='lat' dir='ltr'><strong>multitudinem</strong></span> 
     </span>
     <span class='ocr_line' id='line_1_6' title="bbox 353 671 2435 749; baseline 0.001 -16"><span class='ocrx_word' id='word_1_37' title='bbox 353 693 618 734; x_wconf 82' lang='lat' dir='ltr'><strong>crescens</strong></span> <span class='ocrx_word' id='word_1_38' title='bbox 675 676 735 731; x_wconf 90' lang='lat' dir='ltr'><strong>et</strong></span> <span class='ocrx_word' id='word_1_39' title='bbox 787 672 1046 748; x_wconf 89' lang='lat' dir='ltr'><strong>pondere</strong></span> <span class='ocrx_word' id='word_1_40' title='bbox 1099 674 1160 730; x_wconf 90' lang='lat' dir='ltr'><strong>et</strong></span> <span class='ocrx_word' id='word_1_41' title='bbox 1205 671 1599 746; x_wconf 87' lang='lat' dir='ltr'><strong>amplitudine</strong></span> <span class='ocrx_word' id='word_1_42' title='bbox 1645 672 1964 749; x_wconf 85' lang='lat' dir='ltr'><strong>disrumpit</strong></span> <span class='ocrx_word' id='word_1_43' title='bbox 2008 676 2070 732; x_wconf 93' lang='lat' dir='ltr'><strong>et</strong></span> <span class='ocrx_word' id='word_1_44' title='bbox 2115 675 2381 734; x_wconf 83' lang='lat' dir='ltr'><strong>extrudit</strong></span> <span class='ocrx_word' id='word_1_45' title='bbox 2408 697 2435 738; x_wconf 73' lang='lat' dir='ltr'><strong>s</strong></span> 
     </span>
    </p>

    <p class='ocr_par' dir='ltr' id='par_1_3' title="bbox 281 761 2491 1460">
     <span class='ocr_line' id='line_1_7' title="bbox 281 761 2381 840; baseline -0.001 -15"><span class='ocrx_word' id='word_1_46' title='bbox 281 780 314 826; x_wconf 84' lang='lat'>6</span> <span class='ocrx_word' id='word_1_47' title='bbox 355 766 792 822; x_wconf 80' lang='lat' dir='ltr'><strong>structurarum</strong></span> <span class='ocrx_word' id='word_1_48' title='bbox 845 761 1199 836; x_wconf 75' lang='lat' dir='ltr'><strong>saeptiones</strong></span> <span class='ocrx_word' id='word_1_49' title='bbox 1290 761 1496 835; x_wconf 87' lang='lat' dir='ltr'><strong>itaque</strong></span> <span class='ocrx_word' id='word_1_50' title='bbox 1550 764 1623 819; x_wconf 89' lang='lat' dir='ltr'><strong>ut</strong></span> <span class='ocrx_word' id='word_1_51' title='bbox 1674 761 1813 820; x_wconf 88' lang='lat' dir='ltr'><strong>huic</strong></span> <span class='ocrx_word' id='word_1_52' title='bbox 1857 762 2006 821; x_wconf 89' lang='lat' dir='ltr'><strong>vitio</strong></span> <span class='ocrx_word' id='word_1_53' title='bbox 2051 764 2381 840; x_wconf 81' lang='lat' dir='ltr'><strong>medeatur,</strong></span> 
     </span>
     <span class='ocr_line' id='line_1_8' title="bbox 358 845 2491 930; baseline 0.002 -20"><span class='ocrx_word' id='word_1_54' title='bbox 358 853 443 911; x_wconf 89' lang='lat' dir='ltr'><strong>sic</strong></span> <span class='ocrx_word' id='word_1_55' title='bbox 491 851 604 909; x_wconf 86' lang='lat' dir='ltr'><strong>erit</strong></span> <span class='ocrx_word' id='word_1_56' title='bbox 643 845 652 928; x_wconf 91' lang='grc'>1</span> <span class='ocrx_word' id='word_1_57' title='bbox 691 849 1036 908; x_wconf 86' lang='lat' dir='ltr'><strong>faciundum</strong></span> <span class='ocrx_word' id='word_1_58' title='bbox 1072 852 1142 907; x_wconf 90' lang='lat' dir='ltr'><strong>ut</strong></span> <span class='ocrx_word' id='word_1_59' title='bbox 1179 849 1442 925; x_wconf 88' lang='lat' dir='ltr'><strong>primum</strong></span> <span class='ocrx_word' id='word_1_60' title='bbox 1477 868 1584 926; x_wconf 93' lang='lat' dir='ltr'><strong>pro</strong></span> <span class='ocrx_word' id='word_1_61' title='bbox 1623 850 2016 925; x_wconf 89' lang='lat' dir='ltr'><strong>amplitudine</strong></span> <span class='ocrx_word' id='word_1_62' title='bbox 2053 853 2491 930; x_wconf 87' lang='lat' dir='ltr'><strong>congestio-(10)</strong></span> 
     </span>
     <span class='ocr_line' id='line_1_9' title="bbox 357 938 2374 1013; baseline 0.001 -15"><span class='ocrx_word' id='word_1_63' title='bbox 357 941 451 999; x_wconf 90' lang='lat' dir='ltr'><strong>nis</strong></span> <span class='ocrx_word' id='word_1_64' title='bbox 499 938 826 998; x_wconf 83' lang='lat' dir='ltr'><strong>crassitudo</strong></span> <span class='ocrx_word' id='word_1_65' title='bbox 873 941 1206 998; x_wconf 84' lang='lat' dir='ltr'><strong>structurae</strong></span> <span class='ocrx_word' id='word_1_66' title='bbox 1253 938 1669 1013; x_wconf 84' lang='lat' dir='ltr'><strong>constituatur,</strong></span> <span class='ocrx_word' id='word_1_67' title='bbox 1719 938 1931 998; x_wconf 87' lang='lat' dir='ltr'><strong>deinde</strong></span> <span class='ocrx_word' id='word_1_68' title='bbox 1974 941 2039 998; x_wconf 94' lang='lat' dir='ltr'><strong>in</strong></span> <span class='ocrx_word' id='word_1_69' title='bbox 2081 941 2374 1002; x_wconf 82' lang='lat' dir='ltr'><strong>frontibus</strong></span> 
     </span>
     <span class='ocr_line' id='line_1_10' title="bbox 359 1027 2375 1104; baseline 0.001 -17"><span class='ocrx_word' id='word_1_70' title='bbox 359 1028 684 1103; x_wconf 81' lang='lat' dir='ltr'><strong>anterideS,</strong></span> <span class='ocrx_word' id='word_1_71' title='bbox 730 1028 855 1087; x_wconf 84' lang='lat' dir='ltr'><strong>sive</strong></span> <span class='ocrx_word' id='word_1_72' title='bbox 903 1027 1150 1086; x_wconf 85' lang='lat' dir='ltr'><strong>erismae</strong></span> <span class='ocrx_word' id='word_1_73' title='bbox 1198 1030 1363 1100; x_wconf 89' lang='lat' dir='ltr'><strong>sunt,</strong></span> <span class='ocrx_word' id='word_1_74' title='bbox 1418 1045 1539 1086; x_wconf 88' lang='lat' dir='ltr'><strong>una</strong></span> <span class='ocrx_word' id='word_1_75' title='bbox 1583 1029 1910 1104; x_wconf 87' lang='lat' dir='ltr'><strong>struantur,</strong></span> <span class='ocrx_word' id='word_1_76' title='bbox 1955 1048 2179 1104; x_wconf 90' lang='lat' dir='ltr'><strong>eaeque</strong></span> <span class='ocrx_word' id='word_1_77' title='bbox 2220 1029 2375 1090; x_wconf 72' lang='lat' dir='ltr'><strong>inter</strong></span> 
     </span>
     <span class='ocr_line' id='line_1_11' title="bbox 353 1116 2458 1191; baseline 0.001 -15"><span class='ocrx_word' id='word_1_78' title='bbox 353 1138 416 1176; x_wconf 93' lang='lat' dir='ltr'><strong>se</strong></span> <span class='ocrx_word' id='word_1_79' title='bbox 463 1117 687 1176; x_wconf 88' lang='lat' dir='ltr'><strong>distent</strong></span> <span class='ocrx_word' id='word_1_80' title='bbox 738 1120 908 1174; x_wconf 88' lang='lat' dir='ltr'><strong>tanto</strong></span> <span class='ocrx_word' id='word_1_81' title='bbox 957 1116 1152 1191; x_wconf 90' lang='lat' dir='ltr'><strong>spatio</strong></span> <span class='ocrx_word' id='word_1_82' title='bbox 1200 1118 1429 1191; x_wconf 89' lang='lat' dir='ltr'><strong>quanta</strong></span> <span class='ocrx_word' id='word_1_83' title='bbox 1474 1116 1734 1175; x_wconf 89' lang='lat' dir='ltr'><strong>altitudo</strong></span> <span class='ocrx_word' id='word_1_84' title='bbox 1781 1117 2235 1178; x_wconf 88' lang='lat' dir='ltr'><strong>substructionis</strong></span> <span class='ocrx_word' id='word_1_85' title='bbox 2286 1122 2375 1178; x_wconf 88' lang='lat' dir='ltr'><strong>est</strong></span> <span class='ocrx_word' id='word_1_86' title='bbox 2400 1139 2458 1178; x_wconf 77' lang='grc' dir='ltr'><strong>ιο</strong></span> 
     </span>
     <span class='ocr_line' id='line_1_12' title="bbox 348 1204 2375 1283; baseline 0.001 -19"><span class='ocrx_word' id='word_1_87' title='bbox 348 1209 582 1281; x_wconf 86' lang='lat' dir='ltr'><strong>futura,</strong></span> <span class='ocrx_word' id='word_1_88' title='bbox 645 1204 1034 1265; x_wconf 86' lang='lat' dir='ltr'><strong>crassitudine</strong></span> <span class='ocrx_word' id='word_1_89' title='bbox 1099 1210 1305 1263; x_wconf 88' lang='lat' dir='ltr'><strong>eadem</strong></span> <span class='ocrx_word' id='word_1_90' title='bbox 1366 1224 1485 1280; x_wconf 88' lang='lat' dir='ltr'><strong>qua</strong></span> <span class='ocrx_word' id='word_1_91' title='bbox 1540 1205 1920 1265; x_wconf 82' lang='lat' dir='ltr'><strong>substructio,</strong></span> <span class='ocrx_word' id='word_1_92' title='bbox 2020 1211 2375 1283; x_wconf 86' lang='lat' dir='ltr'><strong>procurrant</strong></span> 
     </span>
     <span class='ocr_line' id='line_1_13' title="bbox 351 1289 2483 1372; baseline 0.002 -18"><span class='ocrx_word' id='word_1_93' title='bbox 351 1299 554 1354; x_wconf 90' lang='lat' dir='ltr'><strong>autem</strong></span> <span class='ocrx_word' id='word_1_94' title='bbox 590 1295 664 1353; x_wconf 90' lang='lat' dir='ltr'><strong>ab</strong></span> <span class='ocrx_word' id='word_1_95' title='bbox 702 1294 823 1353; x_wconf 87' lang='lat' dir='ltr'><strong>imo</strong></span> <span class='ocrx_word' id='word_1_96' title='bbox 861 1312 969 1369; x_wconf 89' lang='lat' dir='ltr'><strong>pro</strong></span> <span class='ocrx_word' id='word_1_97' title='bbox 1011 1289 1020 1372; x_wconf 87' lang='grc'>1</span> <span class='ocrx_word' id='word_1_98' title='bbox 1061 1312 1245 1369; x_wconf 88' lang='lat' dir='ltr'><strong>quam</strong></span> <span class='ocrx_word' id='word_1_99' title='bbox 1283 1293 1615 1353; x_wconf 87' lang='lat' dir='ltr'><strong>crassitudo</strong></span> <span class='ocrx_word' id='word_1_100' title='bbox 1652 1295 1982 1354; x_wconf 88' lang='lat' dir='ltr'><strong>constituta</strong></span> <span class='ocrx_word' id='word_1_101' title='bbox 2016 1296 2202 1355; x_wconf 86' lang='lat' dir='ltr'><strong>fuerit</strong></span> <span class='ocrx_word' id='word_1_102' title='bbox 2237 1295 2370 1356; x_wconf 87' lang='lat' dir='ltr'><strong>sub·</strong></span> <span class='ocrx_word' id='word_1_103' title='bbox 2390 1307 2483 1358; x_wconf 82' lang='lat'>(¹⁵)</span> 
     </span>
     <span class='ocr_line' id='line_1_14' title="bbox 350 1382 2373 1460; baseline -0 -16"><span class='ocrx_word' id='word_1_104' title='bbox 350 1383 714 1459; x_wconf 86' lang='lat' dir='ltr'><strong>structionis,</strong></span> <span class='ocrx_word' id='word_1_105' title='bbox 761 1383 970 1441; x_wconf 88' lang='lat' dir='ltr'><strong>deinde</strong></span> <span class='ocrx_word' id='word_1_106' title='bbox 1017 1382 1447 1441; x_wconf 86' lang='lat' dir='ltr'><strong>contrahantur</strong></span> <span class='ocrx_word' id='word_1_107' title='bbox 1492 1383 1791 1460; x_wconf 79' lang='lat' dir='ltr'><strong>gradatim</strong></span> <span class='ocrx_word' id='word_1_108' title='bbox 1829 1384 1920 1442; x_wconf 87' lang='lat' dir='ltr'><strong>ita</strong></span> <span class='ocrx_word' id='word_1_109' title='bbox 1956 1385 2048 1443; x_wconf 91' lang='lat' dir='ltr'><strong>uti</strong></span> <span class='ocrx_word' id='word_1_110' title='bbox 2086 1403 2373 1444; x_wconf 88' lang='lat' dir='ltr'><strong>summam</strong></span> 
     </span>
    </p>

    <p class='ocr_par' dir='ltr' id='par_1_4' title="bbox 285 1471 2486 2439">
     <span class='ocr_line' id='line_1_15' title="bbox 285 1471 2373 1550; baseline -0.001 -16"><span class='ocrx_word' id='word_1_111' title='bbox 285 1490 314 1536; x_wconf 75' lang='lat'><strong>7</strong></span> <span class='ocrx_word' id='word_1_112' title='bbox 356 1473 617 1533; x_wconf 88' lang='lat' dir='ltr'><strong>habeant</strong></span> <span class='ocrx_word' id='word_1_113' title='bbox 660 1471 1121 1548; x_wconf 89' lang='lat' dir='ltr'><strong>prominentiam</strong></span> <span class='ocrx_word' id='word_1_114' title='bbox 1167 1475 1395 1546; x_wconf 90' lang='lat' dir='ltr'><strong>quanta</strong></span> <span class='ocrx_word' id='word_1_115' title='bbox 1431 1471 1625 1548; x_wconf 84' lang='lat' dir='ltr'><strong>operis</strong></span> <span class='ocrx_word' id='word_1_116' title='bbox 1662 1475 1754 1530; x_wconf 89' lang='lat' dir='ltr'><strong>est</strong></span> <span class='ocrx_word' id='word_1_117' title='bbox 1789 1473 2135 1534; x_wconf 89' lang='lat' dir='ltr'><strong>crassitudo.</strong></span> <span class='ocrx_word' id='word_1_118' title='bbox 2206 1492 2373 1550; x_wconf 91' lang='lat' dir='ltr'><strong>prae-</strong></span> 
     </span>
     <span class='ocr_line' id='line_1_16' title="bbox 355 1560 2460 1624; baseline 0.001 -3"><span class='ocrx_word' id='word_1_119' title='bbox 355 1567 522 1622; x_wconf 92' lang='lat' dir='ltr'><strong>terea</strong></span> <span class='ocrx_word' id='word_1_120' title='bbox 574 1562 866 1621; x_wconf 81' lang='lat' dir='ltr'><strong>introrsus</strong></span> <span class='ocrx_word' id='word_1_121' title='bbox 913 1563 1119 1618; x_wconf 88' lang='lat' dir='ltr'><strong>contra</strong></span> <span class='ocrx_word' id='word_1_122' title='bbox 1172 1562 1477 1618; x_wconf 90' lang='lat' dir='ltr'><strong>terrenum</strong></span> <span class='ocrx_word' id='word_1_123' title='bbox 1520 1560 1835 1620; x_wconf 87' lang='lat' dir='ltr'><strong>coniuncta</strong></span> <span class='ocrx_word' id='word_1_124' title='bbox 1886 1582 2059 1622; x_wconf 88' lang='lat' dir='ltr'><strong>muro</strong></span> <span class='ocrx_word' id='word_1_125' title='bbox 2104 1562 2377 1622; x_wconf 69' lang='lat' dir='ltr'><strong>serratim</strong></span> <span class='ocrx_word' id='word_1_126' title='bbox 2403 1583 2460 1624; x_wconf 82' lang='lat'><strong>15</strong></span> 
     </span>
     <span class='ocr_line' id='line_1_17' title="bbox 349 1647 2375 1725; baseline -0.001 -15"><span class='ocrx_word' id='word_1_127' title='bbox 349 1653 685 1724; x_wconf 84' lang='lat' dir='ltr'><strong>struantur,</strong></span> <span class='ocrx_word' id='word_1_128' title='bbox 755 1649 850 1708; x_wconf 90' lang='lat' dir='ltr'><strong>uti</strong></span> <span class='ocrx_word' id='word_1_129' title='bbox 922 1647 1145 1725; x_wconf 85' lang='lat' dir='ltr'><strong>singuli</strong></span> <span class='ocrx_word' id='word_1_130' title='bbox 1208 1648 1413 1707; x_wconf 89' lang='lat' dir='ltr'><strong>dentes</strong></span> <span class='ocrx_word' id='word_1_131' title='bbox 1478 1648 1553 1707; x_wconf 89' lang='lat' dir='ltr'><strong>ab</strong></span> <span class='ocrx_word' id='word_1_132' title='bbox 1615 1668 1786 1708; x_wconf 89' lang='lat' dir='ltr'><strong>muro</strong></span> <span class='ocrx_word' id='word_1_133' title='bbox 1851 1653 2089 1710; x_wconf 88' lang='lat' dir='ltr'><strong>tantum</strong></span> <span class='ocrx_word' id='word_1_134' title='bbox 2154 1652 2375 1712; x_wconf 84' lang='lat' dir='ltr'><strong>distent</strong></span> 
     </span>
     <span class='ocr_line' id='line_1_18' title="bbox 351 1729 2486 1819; baseline -0.003 -20"><span class='ocrx_word' id='word_1_135' title='bbox 351 1743 580 1816; x_wconf 89' lang='lat' dir='ltr'><strong>quanta</strong></span> <span class='ocrx_word' id='word_1_136' title='bbox 643 1737 903 1797; x_wconf 86' lang='lat' dir='ltr'><strong>altitudo</strong></span> <span class='ocrx_word' id='word_1_137' title='bbox 958 1737 1164 1796; x_wconf 86' lang='lat' dir='ltr'><strong>futura</strong></span> <span class='ocrx_word' id='word_1_138' title='bbox 1219 1737 1335 1796; x_wconf 90' lang='lat' dir='ltr'><strong>erit</strong></span> <span class='ocrx_word' id='word_1_139' title='bbox 1388 1729 1891 1819; x_wconf 72' lang='lat' dir='ltr'><strong>substrulctioniS‚</strong></span> <span class='ocrx_word' id='word_1_140' title='bbox 1954 1739 2374 1800; x_wconf 88' lang='lat' dir='ltr'><strong>crassitudines</strong></span> <span class='ocrx_word' id='word_1_141' title='bbox 2394 1752 2486 1804; x_wconf 74' lang='lat' dir='ltr'><strong>(so)</strong></span> 
     </span>
     <span class='ocr_line' id='line_1_19' title="bbox 350 1826 2371 1888; baseline -0 -1"><span class='ocrx_word' id='word_1_142' title='bbox 350 1831 550 1887; x_wconf 87' lang='lat' dir='ltr'><strong>autem</strong></span> <span class='ocrx_word' id='word_1_143' title='bbox 595 1827 858 1887; x_wconf 89' lang='lat' dir='ltr'><strong>habeant</strong></span> <span class='ocrx_word' id='word_1_144' title='bbox 901 1826 1168 1884; x_wconf 90' lang='lat' dir='ltr'><strong>dentium</strong></span> <span class='ocrx_word' id='word_1_145' title='bbox 1215 1829 1551 1885; x_wconf 88' lang='lat' dir='ltr'><strong>structurae</strong></span> <span class='ocrx_word' id='word_1_146' title='bbox 1596 1827 1687 1885; x_wconf 93' lang='lat' dir='ltr'><strong>uti</strong></span> <span class='ocrx_word' id='word_1_147' title='bbox 1732 1827 1902 1886; x_wconf 86' lang='lat' dir='ltr'><strong>muri.</strong></span> <span class='ocrx_word' id='word_1_148' title='bbox 1975 1828 2125 1888; x_wconf 90' lang='lat' dir='ltr'><strong>item</strong></span> <span class='ocrx_word' id='word_1_149' title='bbox 2166 1829 2228 1888; x_wconf 88' lang='lat' dir='ltr'><strong>in</strong></span> <span class='ocrx_word' id='word_1_150' title='bbox 2274 1848 2371 1887; x_wconf 87' lang='lat' dir='ltr'><strong>ex-</strong></span> 
     </span>
     <span class='ocr_line' id='line_1_20' title="bbox 351 1915 2371 1995; baseline 0 -19"><span class='ocrx_word' id='word_1_151' title='bbox 351 1917 558 1977; x_wconf 85' lang='lat' dir='ltr'><strong>tremis</strong></span> <span class='ocrx_word' id='word_1_152' title='bbox 613 1916 850 1994; x_wconf 85' lang='lat' dir='ltr'><strong>angulis</strong></span> <span class='ocrx_word' id='word_1_153' title='bbox 905 1934 1043 1975; x_wconf 89' lang='lat' dir='ltr'><strong>cum</strong></span> <span class='ocrx_word' id='word_1_154' title='bbox 1093 1933 1389 1975; x_wconf 87' lang='lat' dir='ltr'><strong>recessum</strong></span> <span class='ocrx_word' id='word_1_155' title='bbox 1441 1915 1627 1975; x_wconf 83' lang='lat' dir='ltr'><strong>fuerit</strong></span> <span class='ocrx_word' id='word_1_156' title='bbox 1680 1915 1755 1975; x_wconf 87' lang='lat' dir='ltr'><strong>ab</strong></span> <span class='ocrx_word' id='word_1_157' title='bbox 1817 1917 2097 1978; x_wconf 88' lang='lat' dir='ltr'><strong>interiore</strong></span> <span class='ocrx_word' id='word_1_158' title='bbox 2154 1917 2371 1995; x_wconf 84' lang='lat' dir='ltr'><strong>angulo</strong></span> 
     </span>
     <span class='ocr_line' id='line_1_21' title="bbox 351 2004 2457 2085; baseline 0.001 -20"><span class='ocrx_word' id='word_1_159' title='bbox 351 2006 549 2082; x_wconf 91' lang='lat' dir='ltr'><strong>spatio</strong></span> <span class='ocrx_word' id='word_1_160' title='bbox 588 2004 923 2065; x_wconf 68' lang='lat' dir='ltr'><strong>altitudinis</strong></span> <span class='ocrx_word' id='word_1_161' title='bbox 961 2004 1431 2081; x_wconf 88' lang='lat' dir='ltr'><strong>substructionis,</strong></span> <span class='ocrx_word' id='word_1_162' title='bbox 1467 2006 1530 2063; x_wconf 88' lang='lat' dir='ltr'><strong>in</strong></span> <span class='ocrx_word' id='word_1_163' title='bbox 1566 2008 1881 2082; x_wconf 88' lang='lat' dir='ltr'><strong>utramque</strong></span> <span class='ocrx_word' id='word_1_164' title='bbox 1915 2011 2150 2082; x_wconf 88' lang='lat' dir='ltr'><strong>partem</strong></span> <span class='ocrx_word' id='word_1_165' title='bbox 2178 2007 2372 2085; x_wconf 85' lang='lat' dir='ltr'><strong>signe·</strong></span> <span class='ocrx_word' id='word_1_166' title='bbox 2402 2030 2457 2069; x_wconf 72' lang='lat' dir='ltr'><strong>so</strong></span> 
     </span>
     <span class='ocr_line' id='line_1_22' title="bbox 351 2093 2373 2172; baseline 0.001 -19"><span class='ocrx_word' id='word_1_167' title='bbox 351 2099 453 2154; x_wconf 89' lang='lat' dir='ltr'><strong>tur</strong></span> <span class='ocrx_word' id='word_1_168' title='bbox 499 2097 560 2153; x_wconf 89' lang='lat' dir='ltr'><strong>et</strong></span> <span class='ocrx_word' id='word_1_169' title='bbox 605 2094 680 2153; x_wconf 89' lang='lat' dir='ltr'><strong>ab</strong></span> <span class='ocrx_word' id='word_1_170' title='bbox 724 2094 818 2153; x_wconf 87' lang='lat' dir='ltr'><strong>his</strong></span> <span class='ocrx_word' id='word_1_171' title='bbox 865 2093 1050 2171; x_wconf 83' lang='lat' dir='ltr'><strong>signis</strong></span> <span class='ocrx_word' id='word_1_172' title='bbox 1093 2094 1401 2172; x_wconf 89' lang='lat' dir='ltr'><strong>diagonios</strong></span> <span class='ocrx_word' id='word_1_173' title='bbox 1448 2096 1747 2153; x_wconf 88' lang='lat' dir='ltr'><strong>structura</strong></span> <span class='ocrx_word' id='word_1_174' title='bbox 1791 2096 2147 2169; x_wconf 88' lang='lat' dir='ltr'><strong>conlocetur,</strong></span> <span class='ocrx_word' id='word_1_175' title='bbox 2190 2099 2252 2155; x_wconf 92' lang='lat' dir='ltr'><strong>et</strong></span> <span class='ocrx_word' id='word_1_176' title='bbox 2297 2096 2373 2155; x_wconf 91' lang='lat' dir='ltr'><strong>ab</strong></span> 
     </span>
     <span class='ocr_line' id='line_1_23' title="bbox 353 2182 2486 2261; baseline -0.003 -18"><span class='ocrx_word' id='word_1_177' title='bbox 353 2202 426 2243; x_wconf 92' lang='lat' dir='ltr'><strong>ea</strong></span> <span class='ocrx_word' id='word_1_178' title='bbox 471 2183 668 2242; x_wconf 88' lang='lat' dir='ltr'><strong>media</strong></span> <span class='ocrx_word' id='word_1_179' title='bbox 714 2183 908 2241; x_wconf 87' lang='lat' dir='ltr'><strong>altera</strong></span> <span class='ocrx_word' id='word_1_180' title='bbox 953 2182 1267 2242; x_wconf 89' lang='lat' dir='ltr'><strong>coniuncta</strong></span> <span class='ocrx_word' id='word_1_181' title='bbox 1313 2202 1448 2241; x_wconf 86' lang='lat' dir='ltr'><strong>cum</strong></span> <span class='ocrx_word' id='word_1_182' title='bbox 1492 2183 1715 2261; x_wconf 89' lang='lat' dir='ltr'><strong>angulo</strong></span> <span class='ocrx_word' id='word_1_183' title='bbox 1760 2185 1934 2243; x_wconf 89' lang='lat' dir='ltr'><strong>muri.</strong></span> <span class='ocrx_word' id='word_1_184' title='bbox 1986 2184 1995 2259; x_wconf 95' lang='grc'>1</span> <span class='ocrx_word' id='word_1_185' title='bbox 2042 2186 2132 2243; x_wconf 89' lang='lat' dir='ltr'><strong>ita</strong></span> <span class='ocrx_word' id='word_1_186' title='bbox 2166 2185 2372 2244; x_wconf 88' lang='lat' dir='ltr'><strong>dentes</strong></span> <span class='ocrx_word' id='word_1_187' title='bbox 2394 2197 2486 2249; x_wconf 74' lang='lat'>(25)</span> 
     </span>
     <span class='ocr_line' id='line_1_24' title="bbox 354 2271 2373 2350; baseline 0 -19"><span class='ocrx_word' id='word_1_188' title='bbox 354 2277 416 2332; x_wconf 91' lang='lat' dir='ltr'><strong>et</strong></span> <span class='ocrx_word' id='word_1_189' title='bbox 479 2271 794 2350; x_wconf 82' lang='lat' dir='ltr'><strong>diagonioe</strong></span> <span class='ocrx_word' id='word_1_190' title='bbox 857 2273 1192 2330; x_wconf 88' lang='lat' dir='ltr'><strong>structurae</strong></span> <span class='ocrx_word' id='word_1_191' title='bbox 1255 2291 1376 2331; x_wconf 92' lang='lat' dir='ltr'><strong>non</strong></span> <span class='ocrx_word' id='word_1_192' title='bbox 1437 2272 1746 2347; x_wconf 89' lang='lat' dir='ltr'><strong>patientur</strong></span> <span class='ocrx_word' id='word_1_193' title='bbox 1806 2276 1939 2331; x_wconf 89' lang='lat' dir='ltr'><strong>tota</strong></span> <span class='ocrx_word' id='word_1_194' title='bbox 1993 2274 2055 2333; x_wconf 83' lang='lat' dir='ltr'><strong>vi</strong></span> <span class='ocrx_word' id='word_1_195' title='bbox 2107 2293 2373 2350; x_wconf 89' lang='lat' dir='ltr'><strong>premere</strong></span> 
     </span>
     <span class='ocr_line' id='line_1_25' title="bbox 352 2360 2373 2439; baseline 0 -19"><span class='ocrx_word' id='word_1_196' title='bbox 352 2381 622 2435; x_wconf 88' lang='lat' dir='ltr'><strong>murum,</strong></span> <span class='ocrx_word' id='word_1_197' title='bbox 677 2360 780 2420; x_wconf 91' lang='lat' dir='ltr'><strong>sed</strong></span> <span class='ocrx_word' id='word_1_198' title='bbox 834 2360 1209 2435; x_wconf 87' lang='lat' dir='ltr'><strong>dissipabunt</strong></span> <span class='ocrx_word' id='word_1_199' title='bbox 1261 2361 1569 2419; x_wconf 88' lang='lat' dir='ltr'><strong>retinendo</strong></span> <span class='ocrx_word' id='word_1_200' title='bbox 1623 2360 1917 2437; x_wconf 91' lang='lat' dir='ltr'><strong>impetum</strong></span> <span class='ocrx_word' id='word_1_201' title='bbox 1960 2362 2373 2439; x_wconf 88' lang='lat' dir='ltr'><strong>congestionis.</strong></span> 
     </span>
    </p>

    <p class='ocr_par' dir='ltr' id='par_1_5' title="bbox 279 2442 2515 2890">
     <span class='ocr_line' id='line_1_26' title="bbox 279 2442 2515 2532; baseline 0.001 -26"><span class='ocrx_word' id='word_1_202' title='bbox 279 2465 314 2512; x_wconf 84' lang='lat'>8</span> <span class='ocrx_word' id='word_1_203' title='bbox 489 2442 498 2532; x_wconf 84' lang='grc'>1</span> <span class='ocrx_word' id='word_1_204' title='bbox 531 2448 1038 2519; x_wconf 84' lang='lat' dir='ltr'><strong>Quemadmodum</strong></span> <span class='ocrx_word' id='word_1_205' title='bbox 1081 2448 1210 2508; x_wconf 93' lang='lat' dir='ltr'><strong>sine</strong></span> <span class='ocrx_word' id='word_1_206' title='bbox 1246 2448 1411 2508; x_wconf 85' lang='lat' dir='ltr'><strong>vitiis</strong></span> <span class='ocrx_word' id='word_1_207' title='bbox 1448 2468 1629 2525; x_wconf 89' lang='lat' dir='ltr'><strong>opera</strong></span> <span class='ocrx_word' id='word_1_208' title='bbox 1674 2451 1958 2510; x_wconf 89' lang='lat' dir='ltr'><strong>constitui</strong></span> <span class='ocrx_word' id='word_1_209' title='bbox 2004 2453 2276 2527; x_wconf 87' lang='lat' dir='ltr'><strong>oporteat</strong></span> <span class='ocrx_word' id='word_1_210' title='bbox 2313 2454 2376 2509; x_wconf 91' lang='lat' dir='ltr'><strong>et</strong></span> <span class='ocrx_word' id='word_1_211' title='bbox 2395 2463 2515 2521; x_wconf 76' lang='lat'><strong>154</strong></span> 
     </span>
     <span class='ocr_line' id='line_1_27' title="bbox 350 2537 2459 2617; baseline 0 -18"><span class='ocrx_word' id='word_1_212' title='bbox 350 2540 442 2599; x_wconf 89' lang='lat' dir='ltr'><strong>uti</strong></span> <span class='ocrx_word' id='word_1_213' title='bbox 489 2541 772 2599; x_wconf 86' lang='lat' dir='ltr'><strong>caveatur</strong></span> <span class='ocrx_word' id='word_1_214' title='bbox 813 2537 1232 2614; x_wconf 89' lang='lat' dir='ltr'><strong>incipientibus</strong></span> <span class='ocrx_word' id='word_1_215' title='bbox 1279 2538 1538 2614; x_wconf 82' lang='lat' dir='ltr'><strong>exposui.</strong></span> <span class='ocrx_word' id='word_1_216' title='bbox 1608 2558 1867 2615; x_wconf 89' lang='lat' dir='ltr'><strong>namque</strong></span> <span class='ocrx_word' id='word_1_217' title='bbox 1904 2540 1977 2599; x_wconf 92' lang='lat' dir='ltr'><strong>de</strong></span> <span class='ocrx_word' id='word_1_218' title='bbox 2011 2540 2229 2617; x_wconf 88' lang='lat' dir='ltr'><strong>tegulis</strong></span> <span class='ocrx_word' id='word_1_219' title='bbox 2266 2542 2376 2599; x_wconf 87' lang='lat' dir='ltr'><strong>aut</strong></span> <span class='ocrx_word' id='word_1_220' title='bbox 2402 2567 2459 2607; x_wconf 69' lang='lat'><strong>2⁶</strong></span> 
     </span>
     <span class='ocr_line' id='line_1_28' title="bbox 351 2626 2373 2707; baseline -0 -20"><span class='ocrx_word' id='word_1_221' title='bbox 351 2628 538 2707; x_wconf 83' lang='lat' dir='ltr'><strong>tignis</strong></span> <span class='ocrx_word' id='word_1_222' title='bbox 585 2631 693 2686; x_wconf 90' lang='lat' dir='ltr'><strong>aut</strong></span> <span class='ocrx_word' id='word_1_223' title='bbox 736 2626 1032 2686; x_wconf 90' lang='lat' dir='ltr'><strong>asseribus</strong></span> <span class='ocrx_word' id='word_1_224' title='bbox 1077 2628 1383 2685; x_wconf 86' lang='lat' dir='ltr'><strong>mutandis</strong></span> <span class='ocrx_word' id='word_1_225' title='bbox 1429 2646 1549 2687; x_wconf 91' lang='lat' dir='ltr'><strong>non</strong></span> <span class='ocrx_word' id='word_1_226' title='bbox 1594 2630 1686 2686; x_wconf 88' lang='lat' dir='ltr'><strong>est</strong></span> <span class='ocrx_word' id='word_1_227' title='bbox 1730 2629 1939 2688; x_wconf 89' lang='lat' dir='ltr'><strong>eadem</strong></span> <span class='ocrx_word' id='word_1_228' title='bbox 1985 2648 2125 2688; x_wconf 87' lang='lat' dir='ltr'><strong>cura</strong></span> <span class='ocrx_word' id='word_1_229' title='bbox 2170 2648 2373 2705; x_wconf 86' lang='lat' dir='ltr'><strong>quem-</strong></span> 
     </span>
     <span class='ocr_line' id='line_1_29' title="bbox 351 2716 2374 2793; baseline -0.001 -16"><span class='ocrx_word' id='word_1_230' title='bbox 351 2717 670 2777; x_wconf 86' lang='lat' dir='ltr'><strong>admodum</strong></span> <span class='ocrx_word' id='word_1_231' title='bbox 715 2717 788 2776; x_wconf 89' lang='lat' dir='ltr'><strong>de</strong></span> <span class='ocrx_word' id='word_1_232' title='bbox 832 2716 951 2792; x_wconf 77' lang='lat' dir='ltr'><strong>his,</strong></span> <span class='ocrx_word' id='word_1_233' title='bbox 1009 2716 1168 2791; x_wconf 87' lang='lat' dir='ltr'><strong>quod</strong></span> <span class='ocrx_word' id='word_1_234' title='bbox 1214 2734 1285 2775; x_wconf 93' lang='lat' dir='ltr'><strong>ea</strong></span> <span class='ocrx_word' id='word_1_235' title='bbox 1332 2716 1603 2792; x_wconf 81' lang='lat' dir='ltr'><strong>quamvis</strong></span> <span class='ocrx_word' id='word_1_236' title='bbox 1650 2716 1772 2776; x_wconf 90' lang='lat' dir='ltr'><strong>sint</strong></span> <span class='ocrx_word' id='word_1_237' title='bbox 1815 2718 2059 2793; x_wconf 82' lang='lat' dir='ltr'><strong>vitiosa,</strong></span> <span class='ocrx_word' id='word_1_238' title='bbox 2113 2716 2374 2777; x_wconf 83' lang='lat' dir='ltr'><strong>faciliter</strong></span> 
     </span>
     <span class='ocr_line' id='line_1_30' title="bbox 349 2799 2459 2890; baseline -0.001 -24"><span class='ocrx_word' id='word_1_239' title='bbox 349 2799 691 2890; x_wconf 76' lang='lat' dir='ltr'><strong>multantur.</strong></span> <span class='ocrx_word' id='word_1_240' title='bbox 763 2805 969 2881; x_wconf 85' lang='lat' dir='ltr'><strong>itaque</strong></span> <span class='ocrx_word' id='word_1_241' title='bbox 1016 2823 1172 2881; x_wconf 87' lang='lat' dir='ltr'><strong>quae</strong></span> <span class='ocrx_word' id='word_1_242' title='bbox 1216 2823 1324 2863; x_wconf 90' lang='lat' dir='ltr'><strong>nec</strong></span> <span class='ocrx_word' id='word_1_243' title='bbox 1370 2804 1560 2864; x_wconf 88' lang='lat' dir='ltr'><strong>solida</strong></span> <span class='ocrx_word' id='word_1_244' title='bbox 1606 2806 1845 2881; x_wconf 90' lang='lat' dir='ltr'><strong>quidem</strong></span> <span class='ocrx_word' id='word_1_245' title='bbox 1889 2809 2182 2882; x_wconf 89' lang='lat' dir='ltr'><strong>putantur</strong></span> <span class='ocrx_word' id='word_1_246' title='bbox 2227 2825 2373 2882; x_wconf 90' lang='lat' dir='ltr'><strong>esse,</strong></span> <span class='ocrx_word' id='word_1_247' title='bbox 2392 2822 2459 2876; x_wconf 81' lang='grc'><strong>(5)</strong></span> 
     </span>
    </p>
   </div>
   <div class='ocr_carea' id='block_1_3' title="bbox 343 2946 482 2954">
    <p class='ocr_par' dir='ltr' id='par_1_6' title="bbox 343 2946 482 2954">
     <span class='ocr_line' id='line_1_31' title="bbox 343 2946 482 2954; baseline -0.007 0"><span class='ocrx_word' id='word_1_248' title='bbox 343 2946 482 2954; x_wconf 75' lang='lat'><strong>——-—</strong></span> 
     </span>
    </p>
   </div>
   <div class='ocr_carea' id='block_1_4' title="bbox 483 2945 774 2953">
    <p class='ocr_par' dir='ltr' id='par_1_7' title="bbox 483 2945 774 2953">
     <span class='ocr_line' id='line_1_32' title="bbox 483 2945 774 2953; baseline 0 974"><span class='ocrx_word' id='word_1_249' title='bbox 483 2945 774 2953; x_wconf 95' lang='lat' dir='ltr'><strong> </strong></span> 
     </span>
    </p>
   </div>
   <div class='ocr_carea' id='block_1_5' title="bbox 348 3026 2376 3590">
    <p class='ocr_par' dir='ltr' id='par_1_8' title="bbox 348 3026 2376 3590">
     <span class='ocr_line' id='line_1_33' title="bbox 498 3026 2376 3101; baseline 0 -20"><span class='ocrx_word' id='word_1_250' title='bbox 498 3034 529 3081; x_wconf 87' lang='grc'><strong>6</strong></span> <span class='ocrx_word' id='word_1_251' title='bbox 569 3027 852 3097; x_wconf 86' lang='lat' dir='ltr'><strong>septiones</strong></span> <span class='ocrx_word' id='word_1_252' title='bbox 879 3046 920 3083; x_wconf 74' lang='grc' dir='ltr'>ω</span> <span class='ocrx_word' id='word_1_253' title='bbox 955 3031 1013 3098; x_wconf 91' lang='lat' dir='ltr'><strong>(p</strong></span> <span class='ocrx_word' id='word_1_254' title='bbox 1046 3030 1110 3083; x_wconf 79' lang='lat' dir='ltr'><strong>in</strong></span> <span class='ocrx_word' id='word_1_255' title='bbox 1135 3042 1243 3083; x_wconf 80' lang='lat' dir='ltr'><strong>ras.</strong></span> <span class='ocrx_word' id='word_1_256' title='bbox 1274 3027 1358 3096; x_wconf 79' lang='lat' dir='ltr'><strong>S).</strong></span> <span class='ocrx_word' id='word_1_257' title='bbox 1388 3028 1407 3096; x_wconf 91' lang='grc'><strong>11</strong></span> <span class='ocrx_word' id='word_1_258' title='bbox 1434 3031 1465 3079; x_wconf 85' lang='grc'><strong>9</strong></span> <span class='ocrx_word' id='word_1_259' title='bbox 1496 3026 1811 3101; x_wconf 68' lang='lat' dir='ltr'><strong>erismae(-e</strong></span> <span class='ocrx_word' id='word_1_260' title='bbox 1839 3029 1907 3100; x_wconf 83' lang='lat' dir='ltr'><strong>S)</strong></span> <span class='ocrx_word' id='word_1_261' title='bbox 1940 3028 2063 3097; x_wconf 85' lang='lat' dir='ltr'><strong>HS,</strong></span> <span class='ocrx_word' id='word_1_262' title='bbox 2100 3028 2376 3084; x_wconf 88' lang='lat' dir='ltr'><strong>aerismae</strong></span> 
     </span>
     <span class='ocr_line' id='line_1_34' title="bbox 358 3098 2371 3169; baseline -0.001 -13"><span class='ocrx_word' id='word_1_263' title='bbox 358 3102 423 3156; x_wconf 72' lang='lat' dir='ltr'><strong>G.</strong></span> <span class='ocrx_word' id='word_1_264' title='bbox 453 3102 472 3169; x_wconf 90' lang='grc'>11</span> <span class='ocrx_word' id='word_1_265' title='bbox 503 3105 568 3153; x_wconf 93' lang='grc'>11</span> <span class='ocrx_word' id='word_1_266' title='bbox 607 3098 996 3153; x_wconf 83' lang='lat' dir='ltr'><strong>crassitudinis</strong></span> <span class='ocrx_word' id='word_1_267' title='bbox 1033 3117 1088 3155; x_wconf 78' lang='lat' dir='ltr'><strong>x.</strong></span> <span class='ocrx_word' id='word_1_268' title='bbox 1133 3101 1142 3169; x_wconf 92' lang='grc'>1</span> <span class='ocrx_word' id='word_1_269' title='bbox 1182 3101 1271 3167; x_wconf 90' lang='grc'><strong>(-</strong></span> <span class='ocrx_word' id='word_1_270' title='bbox 1302 3099 1392 3168; x_wconf 88' lang='grc'><strong>14)</strong></span> <span class='ocrx_word' id='word_1_271' title='bbox 1427 3101 1719 3167; x_wconf 87' lang='lat' dir='ltr'><strong>procurrat</strong></span> <span class='ocrx_word' id='word_1_272' title='bbox 1746 3141 1760 3153; x_wconf 91' lang='lat'><strong>.</strong></span> <span class='ocrx_word' id='word_1_273' title='bbox 1792 3143 1804 3155; x_wconf 91' lang='lat'><strong>.</strong></span> <span class='ocrx_word' id='word_1_274' title='bbox 1834 3143 1845 3155; x_wconf 93' lang='lat'><strong>.</strong></span> <span class='ocrx_word' id='word_1_275' title='bbox 1877 3100 2241 3155; x_wconf 84' lang='lat' dir='ltr'><strong>contrahatur</strong></span> <span class='ocrx_word' id='word_1_276' title='bbox 2267 3142 2279 3153; x_wconf 92' lang='lat'><strong>.</strong></span> <span class='ocrx_word' id='word_1_277' title='bbox 2312 3144 2323 3155; x_wconf 91' lang='lat'><strong>.</strong></span> <span class='ocrx_word' id='word_1_278' title='bbox 2357 3142 2371 3153; x_wconf 92' lang='lat'><strong>.</strong></span> 
     </span>
     <span class='ocr_line' id='line_1_35' title="bbox 354 3171 2367 3243; baseline 0.001 -20"><span class='ocrx_word' id='word_1_279' title='bbox 354 3171 571 3225; x_wconf 87' lang='lat' dir='ltr'><strong>habeat</strong></span> <span class='ocrx_word' id='word_1_280' title='bbox 603 3186 659 3224; x_wconf 75' lang='grc' dir='ltr'><strong>ω.</strong></span> <span class='ocrx_word' id='word_1_281' title='bbox 702 3172 722 3239; x_wconf 92' lang='grc'><strong>11</strong></span> <span class='ocrx_word' id='word_1_282' title='bbox 764 3175 831 3222; x_wconf 81' lang='grc'>12</span> <span class='ocrx_word' id='word_1_283' title='bbox 868 3185 969 3239; x_wconf 89' lang='lat' dir='ltr'><strong>pro</strong></span> <span class='ocrx_word' id='word_1_284' title='bbox 1006 3186 1201 3238; x_wconf 89' lang='lat' dir='ltr'><strong>quam:</strong></span> <span class='ocrx_word' id='word_1_285' title='bbox 1237 3186 1339 3239; x_wconf 89' lang='lat' dir='ltr'><strong>per</strong></span> <span class='ocrx_word' id='word_1_286' title='bbox 1374 3186 1545 3237; x_wconf 88' lang='lat' dir='ltr'><strong>quam</strong></span> <span class='ocrx_word' id='word_1_287' title='bbox 1581 3172 1767 3239; x_wconf 87' lang='lat' dir='ltr'><strong>(quem</strong></span> <span class='ocrx_word' id='word_1_288' title='bbox 1803 3179 1931 3227; x_wconf 77' lang='lat' dir='ltr'><strong>ante</strong></span> <span class='ocrx_word' id='word_1_289' title='bbox 1966 3188 2103 3227; x_wconf 79' lang='lat' dir='ltr'><strong>corr.</strong></span> <span class='ocrx_word' id='word_1_290' title='bbox 2132 3172 2225 3240; x_wconf 88' lang='lat' dir='ltr'><strong>H)</strong></span> <span class='ocrx_word' id='word_1_291' title='bbox 2259 3189 2316 3226; x_wconf 77' lang='lat' dir='ltr'><strong>x.</strong></span> <span class='ocrx_word' id='word_1_292' title='bbox 2358 3171 2367 3243; x_wconf 98' lang='grc'>1</span> 
     </span>
     <span class='ocr_line' id='line_1_36' title="bbox 348 3239 2373 3313; baseline 0.002 -20"><span class='ocrx_word' id='word_1_293' title='bbox 348 3240 522 3295; x_wconf 83' lang='lat' dir='ltr'><strong>fuerit</strong></span> <span class='ocrx_word' id='word_1_294' title='bbox 549 3241 616 3294; x_wconf 89' lang='lat' dir='ltr'><em>H</em></span> <span class='ocrx_word' id='word_1_295' title='bbox 620 3240 684 3295; x_wconf 77' lang='lat' dir='ltr'><strong>S:</strong></span> <span class='ocrx_word' id='word_1_296' title='bbox 714 3242 831 3293; x_wconf 87' lang='lat' dir='ltr'><strong>-rat</strong></span> <span class='ocrx_word' id='word_1_297' title='bbox 861 3242 926 3295; x_wconf 77' lang='lat' dir='ltr'><strong>G.</strong></span> <span class='ocrx_word' id='word_1_298' title='bbox 955 3242 974 3309; x_wconf 94' lang='grc'><strong>11</strong></span> <span class='ocrx_word' id='word_1_299' title='bbox 1005 3246 1069 3293; x_wconf 82' lang='grc'>17</span> <span class='ocrx_word' id='word_1_300' title='bbox 1100 3239 1499 3295; x_wconf 88' lang='lat' dir='ltr'><strong>crassitudines</strong></span> <span class='ocrx_word' id='word_1_301' title='bbox 1532 3242 1658 3296; x_wconf 79' lang='lat' dir='ltr'><strong>GS:</strong></span> <span class='ocrx_word' id='word_1_302' title='bbox 1688 3240 1799 3294; x_wconf 88' lang='lat' dir='ltr'><strong>-nis</strong></span> <span class='ocrx_word' id='word_1_303' title='bbox 1824 3241 1900 3297; x_wconf 88' lang='lat' dir='ltr'><strong>H.</strong></span> <span class='ocrx_word' id='word_1_304' title='bbox 1930 3245 1949 3313; x_wconf 91' lang='grc'><strong>11</strong></span> <span class='ocrx_word' id='word_1_305' title='bbox 1976 3249 2041 3296; x_wconf 84' lang='lat'><strong>21</strong></span> <span class='ocrx_word' id='word_1_306' title='bbox 2074 3241 2373 3313; x_wconf 83' lang='lat' dir='ltr'><strong>diagonius</strong></span> 
     </span>
     <span class='ocr_line' id='line_1_37' title="bbox 350 3310 2314 3388; baseline 0.002 -25"><span class='ocrx_word' id='word_1_307' title='bbox 350 3310 480 3377; x_wconf 84' lang='lat' dir='ltr'><strong>HS,</strong></span> <span class='ocrx_word' id='word_1_308' title='bbox 515 3310 650 3363; x_wconf 88' lang='lat' dir='ltr'><strong>-niis</strong></span> <span class='ocrx_word' id='word_1_309' title='bbox 681 3311 734 3367; x_wconf 75' lang='lat' dir='ltr'><strong><em>G</em></strong></span> <span class='ocrx_word' id='word_1_310' title='bbox 771 3310 898 3379; x_wconf 91' lang='lat' dir='ltr'><strong>(-nii</strong></span> <span class='ocrx_word' id='word_1_311' title='bbox 929 3312 1038 3379; x_wconf 55' lang='grc' dir='ltr'><strong>ΘΟ).</strong></span> <span class='ocrx_word' id='word_1_312' title='bbox 1094 3314 1113 3381; x_wconf 96' lang='grc'><strong>11</strong></span> <span class='ocrx_word' id='word_1_313' title='bbox 1167 3316 1236 3364; x_wconf 81' lang='lat'><strong>23</strong></span> <span class='ocrx_word' id='word_1_314' title='bbox 1274 3310 1577 3381; x_wconf 86' lang='lat' dir='ltr'><strong>diagoniae</strong></span> <span class='ocrx_word' id='word_1_315' title='bbox 1603 3312 1685 3379; x_wconf 89' lang='lat' dir='ltr'><strong>H,</strong></span> <span class='ocrx_word' id='word_1_316' title='bbox 1720 3312 1839 3366; x_wconf 87' lang='lat' dir='ltr'><strong>-nie</strong></span> <span class='ocrx_word' id='word_1_317' title='bbox 1878 3314 1946 3381; x_wconf 80' lang='lat' dir='ltr'><strong>G,</strong></span> <span class='ocrx_word' id='word_1_318' title='bbox 1980 3313 2103 3388; x_wconf 67' lang='lat' dir='ltr'><strong>-nie</strong></span> <span class='ocrx_word' id='word_1_319' title='bbox 2131 3314 2280 3384; x_wconf 55' lang='lat' dir='ltr'><strong>&amp;Ge</strong></span> <span class='ocrx_word' id='word_1_320' title='bbox 2302 3357 2314 3367; x_wconf 93' lang='lat'><strong>.</strong></span> 
     </span>
     <span class='ocr_line' id='line_1_38' title="bbox 350 3380 2313 3454; baseline 0.006 -25"><span class='ocrx_word' id='word_1_321' title='bbox 350 3385 420 3430; x_wconf 79' lang='lat'><strong>24</strong></span> <span class='ocrx_word' id='word_1_322' title='bbox 455 3380 810 3434; x_wconf 89' lang='lat' dir='ltr'><strong>retinendum</strong></span> <span class='ocrx_word' id='word_1_323' title='bbox 846 3385 927 3450; x_wconf 73' lang='grc' dir='ltr'>(-ιῑ</span> <span class='ocrx_word' id='word_1_324' title='bbox 968 3383 1040 3450; x_wconf 80' lang='lat' dir='ltr'><strong>G)</strong></span> <span class='ocrx_word' id='word_1_325' title='bbox 1077 3400 1118 3437; x_wconf 73' lang='grc' dir='ltr'><strong><em>ω</em></strong></span> <span class='ocrx_word' id='word_1_326' title='bbox 1151 3383 1271 3452; x_wconf 90' lang='lat' dir='ltr'><strong>(-do</strong></span> <span class='ocrx_word' id='word_1_327' title='bbox 1308 3383 1397 3451; x_wconf 90' lang='lat' dir='ltr'><strong>L).</strong></span> <span class='ocrx_word' id='word_1_328' title='bbox 1442 3382 1451 3454; x_wconf 97' lang='grc'>1</span> <span class='ocrx_word' id='word_1_329' title='bbox 1492 3381 1870 3451; x_wconf 86' lang='lat' dir='ltr'><strong>congestionis</strong></span> <span class='ocrx_word' id='word_1_330' title='bbox 1911 3386 1985 3445; x_wconf 77' lang='lat' dir='ltr'><strong>G:</strong></span> <span class='ocrx_word' id='word_1_331' title='bbox 2023 3402 2148 3441; x_wconf 83' lang='lat' dir='ltr'><strong>-nes</strong></span> <span class='ocrx_word' id='word_1_332' title='bbox 2186 3386 2256 3441; x_wconf 89' lang='lat' dir='ltr'><strong><em>H</em></strong></span> <span class='ocrx_word' id='word_1_333' title='bbox 2302 3428 2313 3440; x_wconf 90' lang='lat'><strong>.</strong></span> 
     </span>
     <span class='ocr_line' id='line_1_39' title="bbox 351 3450 2315 3525; baseline 0.005 -26"><span class='ocrx_word' id='word_1_334' title='bbox 351 3452 420 3499; x_wconf 79' lang='lat'><strong>25</strong></span> <span class='ocrx_word' id='word_1_335' title='bbox 457 3464 627 3515; x_wconf 89' lang='lat' dir='ltr'><strong>opera</strong></span> <span class='ocrx_word' id='word_1_336' title='bbox 664 3450 934 3505; x_wconf 88' lang='lat' dir='ltr'><strong>constitui</strong></span> <span class='ocrx_word' id='word_1_337' title='bbox 970 3455 1116 3520; x_wconf 68' lang='lat' dir='ltr'><strong>(ante</strong></span> <span class='ocrx_word' id='word_1_338' title='bbox 1151 3454 1311 3522; x_wconf 75' lang='lat' dir='ltr'><strong>corr.)</strong></span> <span class='ocrx_word' id='word_1_339' title='bbox 1347 3468 1447 3508; x_wconf 88' lang='lat' dir='ltr'><strong>om.</strong></span> <span class='ocrx_word' id='word_1_340' title='bbox 1490 3454 1555 3507; x_wconf 77' lang='lat' dir='ltr'><strong>G.</strong></span> <span class='ocrx_word' id='word_1_341' title='bbox 1608 3454 1617 3525; x_wconf 96' lang='grc'>1</span> <span class='ocrx_word' id='word_1_342' title='bbox 1667 3455 1877 3523; x_wconf 73' lang='lat' dir='ltr'><strong>oport&amp;</strong></span> <span class='ocrx_word' id='word_1_343' title='bbox 1921 3462 2049 3511; x_wconf 81' lang='lat' dir='ltr'><strong>cmte</strong></span> <span class='ocrx_word' id='word_1_344' title='bbox 2084 3474 2221 3513; x_wconf 84' lang='lat' dir='ltr'><strong>corr.</strong></span> <span class='ocrx_word' id='word_1_345' title='bbox 2259 3456 2315 3511; x_wconf 80' lang='lat' dir='ltr'><strong>S.</strong></span> 
     </span>
     <span class='ocr_line' id='line_1_40' title="bbox 351 3520 1537 3590; baseline 0.009 -25"><span class='ocrx_word' id='word_1_346' title='bbox 351 3520 419 3566; x_wconf 85' lang='lat'><strong>28</strong></span> <span class='ocrx_word' id='word_1_347' title='bbox 457 3522 589 3571; x_wconf 89' lang='lat' dir='ltr'><strong>sunt</strong></span> <span class='ocrx_word' id='word_1_348' title='bbox 622 3537 678 3574; x_wconf 80' lang='lat' dir='ltr'><strong>x.</strong></span> <span class='ocrx_word' id='word_1_349' title='bbox 734 3524 753 3590; x_wconf 89' lang='grc'>11</span> <span class='ocrx_word' id='word_1_350' title='bbox 807 3527 874 3575; x_wconf 82' lang='lat'><strong>29</strong></span> <span class='ocrx_word' id='word_1_351' title='bbox 911 3522 1105 3589; x_wconf 89' lang='lat' dir='ltr'><strong>itaque</strong></span> <span class='ocrx_word' id='word_1_352' title='bbox 1141 3539 1244 3577; x_wconf 84' lang='lat' dir='ltr'><strong>nec</strong></span> <span class='ocrx_word' id='word_1_353' title='bbox 1280 3522 1449 3576; x_wconf 91' lang='lat' dir='ltr'><strong>solidi</strong></span> <span class='ocrx_word' id='word_1_354' title='bbox 1483 3541 1537 3578; x_wconf 78' lang='lat' dir='ltr'><strong>x.</strong></span> 
     </span>
    </p>
   </div>
   <div class='ocr_carea' id='block_1_6' title="bbox 2350 3313 2362 3529">
    <p class='ocr_par' dir='ltr' id='par_1_9' title="bbox 2350 3313 2362 3529">
     <span class='ocr_line' id='line_1_41' title="bbox 2350 3313 2362 3529; baseline 0 0"><span class='ocrx_word' id='word_1_355' title='bbox 2350 3313 2362 3529; x_wconf 95' lang='lat' dir='ltr'><strong> </strong></span> 
     </span>
    </p>
   </div>
   <div class='ocr_carea' id='block_1_7' title="bbox 2365 3315 2378 3530">
    <p class='ocr_par' dir='ltr' id='par_1_10' title="bbox 2365 3315 2378 3530">
     <span class='ocr_line' id='line_1_42' title="bbox 2365 3315 2378 3530; baseline 0 0"><span class='ocrx_word' id='word_1_356' title='bbox 2365 3315 2378 3530; x_wconf 95' lang='lat' dir='ltr'><strong> </strong></span> 
     </span>
    </p>
   </div>
  </div>
 </body>
</html>
