2664 3927
344 195 475 260 262
1188 196 1520 252 VITRUVII
2619 0 2628 436 ι

343 347 579 406 emittet
620 367 728 425 per
764 348 1173 408 canaliculum.
1236 347 1327 407 ita
1366 351 1424 408 et
1459 349 1660 409 sonitu
1697 353 1759 407 et
1792 367 2035 409 numero
2072 347 2386 408 indicabit

341 437 602 496 miliaria
648 438 843 514 spatia
888 438 1307 516 navigationis.

479 517 487 608 Ι
521 523 686 595 Quae
739 528 969 602 pacatis
1020 529 1081 585 et
1126 527 1250 586 sine
1296 529 1460 585 metu
1504 525 1869 602 temporibus
1916 526 1991 586 ad
2035 526 2381 586 utilitatem
2403 537 2529 593 266

343 618 405 673 et
448 615 902 676 delectationem
946 615 1213 691 paranda
1261 615 1758 691 quemadmodum
1803 615 2056 675 debeant
2097 614 2229 674 fieri
2267 635 2382 692 pe-

261 712 311 765 X
338 705 481 781 regi.
552 724 709 763 nunc
756 723 895 764 vero
936 723 1087 779 quae
1124 704 1200 762 ad
1234 704 1534 780 praesidia
1568 705 1818 780 periculi
1855 708 1915 763 et
1951 705 2382 764 necessitatem
2417 727 2446 767 5

344 793 555 852 salutis
628 796 768 852 sunt
835 793 1104 869 inventa,
1170 793 1233 851 id
1292 795 1384 853 est
1442 794 1818 869 scorpionum
1876 797 1938 852 et
1989 793 2384 853 ballistarum

342 883 603 940 rationes
650 872 881 963 quilbus
928 881 1286 957 symmetriis
1332 883 1666 959 comparari
1708 881 1942 958 possint
1986 900 2301 958 exponam.
2406 897 2477 945 (5)

478 968 696 1029 Omnes
740 971 1153 1046 proportiones
1200 989 1406 1030 eorum
1452 990 1810 1048 organorum
1853 971 2295 1030 ratiocinantur
2343 992 2381 1032 e
2627 1037 2629 1045 ¹

340 1060 649 1134 proposita
704 1060 961 1137 sagittae
1013 1060 1386 1138 longitudine
1441 1079 1623 1137 quam
1676 1059 1738 1118 id
1793 1078 2082 1138 organum
2123 1060 2382 1120 mittere

342 1146 546 1222 debet,
610 1148 852 1224 eiusque
914 1167 1106 1208 nonae
1170 1150 1360 1224 partis
1423 1149 1494 1207 fit
1549 1149 1911 1208 foraminum
1963 1148 2026 1208 in
2081 1150 2382 1224 capitulis
2417 1173 2474 1212 ιο
2627 1099 2632 1306 Ι

340 1237 691 1313 magnitudo
706 1282 721 1311 ,
773 1256 881 1313 per
937 1256 1089 1313 quae
1142 1239 1468 1297 tenduntur
1520 1239 1688 1297 nervi
1740 1238 1887 1296 torti
1942 1237 2044 1314 qui
2086 1237 2384 1298 bracchia

272 1339 304 1387 2
342 1327 665 1386 continent.
729 1327 861 1402 ipsa
901 1321 909 1405 Ι
949 1330 1081 1385 tum
1124 1327 1300 1386 debet
1345 1346 1549 1386 eorum
1582 1327 1945 1386 foraminum
1969 1327 2231 1402 capituli
2271 1327 2381 1386 de-
2405 1341 2500 1391 (ιο)

343 1415 591 1474 formari
635 1415 891 1475 altitudo
938 1419 999 1475 et
1042 1416 1319 1474 latitudo,
1388 1415 1630 1475 tabulae
1669 1435 1825 1491 quae
1861 1419 2000 1476 sunt
2034 1416 2100 1475 in
2133 1434 2382 1477 summo

343 1507 405 1563 et
448 1505 512 1563 in
556 1505 677 1563 imo
724 1503 1003 1580 capituli,
1046 1505 1367 1580 peritretoe
1414 1524 1565 1580 quae
1610 1506 1918 1579 vocantur,
1961 1504 2110 1563 fiant
2155 1507 2380 1565 crassi-

339 1593 547 1652 tudine
592 1593 767 1652 unius
812 1593 1141 1668 foraminis,
1185 1593 1504 1654 latitudine
1549 1595 1724 1654 unius
1771 1596 1833 1652 et
1876 1594 2001 1653 eius
2037 1593 2382 1670 dodrantiS,
2413 1616 2471 1657 ιε

340 1681 406 1740 in
451 1683 725 1741 extremis
770 1681 1080 1741 foraminis
1125 1683 1299 1742 unius
1348 1686 1408 1742 et
1444 1684 1569 1743 eius
1607 1700 1655 1741 s.
1720 1683 2122 1758 parastaticae
2157 1683 2382 1742 dextra

340 1789 410 1829 ac
456 1772 696 1831 sinistra
742 1773 979 1846 praeter
1024 1771 1291 1830 cardines
1328 1773 1490 1831 altae
1530 1767 1540 1850 Ι
1578 1772 1939 1830 foraminum
1972 1789 2086 1846 1111,
2131 1789 2380 1832 crassae
2401 1785 2498 1838 (ιιι)

339 1860 648 1920 foraminis
698 1861 943 1936 quinum
1121 1861 1390 1919 cardines
1433 1861 1740 1920 foraminis
1787 1860 2036 1920 dimidii.
2109 1879 2145 1918 a
2191 1880 2378 1936 para-

340 1949 556 2009 statica
611 1949 689 2009 ad
733 1949 1001 2010 foramen
1048 1950 1311 2027 spatium
1356 1950 1664 2011 foraminis
1712 1959 1816 2027 So,
1869 1968 1907 2009 a
1951 1949 2244 2021 foramine
2297 1950 2383 2009 ad
2633 1963 2636 2073 4

337 2037 675 2096 medianam
719 2040 1149 2114 parastaticam
1193 2040 1339 2099 item
1383 2039 1693 2099 foraminis
1731 2049 1834 2113 89.
1896 2039 2153 2098 latitudo
2191 2057 2378 2115 para-
2411 2064 2470 2103 ao
2634 2114 2636 2123 Ι

479 2284 515 2331 4
560 2277 694 2349 pegi
739 2294 860 2332 esse
906 2277 1173 2334 futurum.
1246 2278 1411 2333 Nunc
1445 2296 1488 2335 x
1531 2279 1802 2348 (futurum
1848 2280 1919 2347 ef.
1950 2296 2012 2363 Ρ.
2047 2282 2179 2345 253,
2197 2281 2316 2349 26).
2357 2281 2380 2353 ss

340 2354 371 2403 5
418 2351 481 2403 in
526 2366 683 2420 capp.
730 2367 866 2419 seqq.
905 2355 978 2404 10
1013 2357 1065 2405 et
1100 2355 1167 2404 11
1214 2357 1374 2405 notae
1417 2366 1769 2421 numerosque
1808 2352 1977 2420 posui
2021 2350 2210 2421 quales
2251 2352 2380 2417 fere

337 2421 570 2476 bradumt
614 2422 821 2476 codices
857 2420 1051 2504 (HG),
1098 2438 1211 2477 non
1254 2428 1464 2477 mutato
1507 2423 1622 2477 scil.
1659 2423 2018 2488 svmdamento
2061 2425 2380 2479 necessario

336 2494 729 2547 enaendationis
760 2493 935 2547 onmis
960 2494 1334 2559 rationabilis,
1367 2493 1579 2562 qualem
1606 2494 1717 2563 (in.-
1745 2494 1939 2548 Jahrb
1966 2494 2008 2559 f.
2039 2493 2195 2547 cla-ss.
2218 2493 2378 2549 Phil.

334 2566 487 2618 1876
513 2569 551 2618 t.
582 2574 734 2615 cml
759 2581 818 2633 Ρ.
846 2566 1178 2633 251—261)
1216 2565 1404 2619 lectori
1422 2565 1730 2633 praestabit
1759 2564 2086 2619 Fudericus
2112 2564 2382 2633 Hultsch,

327 2634 784 2706 palaeoqraphice
832 2636 1045 2705 quidem
1093 2652 1208 2690 non
1255 2636 1602 2705 explicatam.
1667 2642 1885 2705 puncta
1933 2636 2044 2690 sive
2091 2635 2382 2705 simplicia

336 2708 449 2761 sive
492 2723 557 2761 m
600 2708 841 2762 cumulos
886 2707 1179 2762 circulosve
1223 2708 1546 2775 composita,
1598 2712 1663 2761 ut
1705 2709 1770 2760 in
1813 2706 1965 2761 codd.
2012 2706 2382 2789 Aethiopicis,

335 2778 533 2846 quibus
566 2784 727 2833 notae
754 2778 837 2833 vel
872 2778 1291 2848 distinyuuntwr
1324 2777 1408 2833 vel
1440 2778 1783 2847 supplentur,
1817 2778 1962 2832 sicut
1996 2777 2143 2846 olim,
2179 2778 2380 2834 delevi.

335 2850 403 2902 de
424 2850 463 2902 Κ
489 2849 598 2904 vid.
619 2849 875 2904 Hultsch.
904 2850 935 2931 n·
954 2855 982 2902 ‘1
1002 2851 1239 2918 possunt
1264 2855 1394 2903 ante
1419 2865 1556 2903 corr.
1578 2849 1654 2903 H.
1683 2850 1703 2918 ΙΙ
1731 2854 1762 2901 8
1789 2818 2148 2930 proportione
2166 2847 2360 2929 (ΙΗΘ

337 2934 529 2972 eorum
564 2937 619 2974 x.
677 2922 685 2989 Ι
737 2918 1202 2974 ratiocinatorum
1238 2918 1283 2973 a
1318 2935 1476 2989 prop.
1513 2937 1569 2974 x.
1623 2922 1644 2987 Ι
1699 2924 1766 2973 10
1809 2918 1877 2973 fit
1920 2917 2213 2973 foraminis
2257 2937 2322 2975 x.
2377 2921 2388 2995 Ι

338 2995 403 3042 11
426 2990 894 3072 pquasx.1nervi
922 2990 1085 3046 torti.
1114 3007 1145 3045 e
1173 3006 1344 3046 nervo
1374 2989 1512 3045 torti
1538 2990 1701 3043 funes
1720 3007 1780 3059 Ρ.
1803 2994 1855 3057 6,
1872 2995 1923 3045 6.
1961 2992 2097 3059 οίὶΡ
2102 2993 2267 3057 ‚26‚9
2282 2996 2341 3047 6.

336 3060 571 3115 brachia
609 3061 895 3115 continere
923 3063 959 3129 (.
970 3063 976 3131 Ι
1010 3063 1082 3130 G)
1111 3061 1295 3132 ipsum
1332 3062 1526 3116 tamen
1563 3060 1771 3115 debent
1796 3078 1852 3116 x.
1879 3063 1900 3131 fl
1929 3067 1994 3114 12
2023 3060 2385 3117 deformatur

336 3148 391 3186 ω.
439 3134 459 3201 ΙΙ
505 3137 573 3185 14
610 3132 847 3201 capituli
893 3148 1095 3202 operae
1142 3135 1245 3203 (·re
1277 3133 1352 3201 G)
1398 3131 1580 3187 reliu
1614 3134 1714 3202 (-;q
1744 3132 1840 3213 H,
1885 3148 2018 3213 “1¹²9
2058 3132 2130 3200 G)
2165 3150 2222 3187 v.
2259 3150 2321 3187 ω.
2375 3134 2386 3208 Ι

341 3207 410 3255 15
440 3202 744 3257 latitudine
776 3204 853 3259 G.
883 3220 983 3257 om.
1015 3204 1091 3258 H.
1120 3205 1139 3274 ΙΙ
1171 3208 1235 3255 16
1263 3203 1527 3258 foramini
1504 3148 1633 3257 ίἲιιιιιει
1661 3202 1827 3257 unius
1857 3204 1915 3279 et
1943 3202 2062 3257 eius
2091 3202 2158 3273 (a
2187 3203 2252 3257 ei'

338 3274 397 3325 et
446 3274 454 3341 Ι
501 3272 619 3326 eius
652 3274 725 3344 G)
755 3272 1102 3355 parastatice
1136 3274 1438 3356 (parastice
1480 3274 1550 3340 G,
1597 3275 1692 3329 sed
1735 3276 1799 3328 in
1833 3292 1902 3329 m.
1937 3204 2167 3329 G⁶1(at
2203 3290 2384 3343 p-ara

338 3342 564 3413 statice)
582 3361 635 3398 ω.
666 3347 685 3413 ΙΙ
715 3351 779 3398 17
802 3361 875 3398 cr.
905 3343 1241 3397 foraminum
1269 3344 1505 3413 quinum
1532 3344 1778 3399 cardinis
1805 3344 2095 3399 foraminis
2130 3344 2386 3403 dimidia

336 3413 687 3477 parastatica
722 3414 797 3469 ad
832 3416 871 3470 f.
908 3432 949 3469 x
984 3416 1101 3483 (ubi
1135 3416 1361 3483 ἡμίεουε
1397 3418 1458 3471 δὲ
1495 3420 1583 3471 καὶ
1621 3419 1702 3471 ἔτι
1739 3418 1945 3482 ὀγδόου
1984 3416 2168 3483 Philo,
2206 3416 2386 3485 quin·

340 3480 529 3533 cuncis
574 3484 849 3554 Hultsch).
904 3488 923 3555 ΙΙ
977 3490 1043 3538 18
1089 3487 1161 3555 (et
1198 3489 1286 3556 19)
1332 3486 1625 3541 foraminis
1675 3492 1776 3552 .ξό
1811 3488 1921 3557 (Η,
1965 3492 2027 3547 ἓ.
2043 3492 2096 3557 ³7
2137 3434 2247 3556 G)q
2259 3506 2322 3543 x.
2363 3490 2388 3563 ss

343 3552 413 3599 20
447 3553 778 3617 parastados
814 3555 1033 3610 medius
1069 3574 1125 3611 x.
