2664 3927
756 142 853 197 DE
891 141 1451 197 ARCHITECTURA
1486 141 1619 196 LIB.
1657 141 1725 212 Π,
1763 147 1795 195 8
2194 141 2281 206 49

264 293 534 354 aedificia
587 293 851 370 paranda
905 294 988 352 sie
1053 293 1194 353 licet
1248 292 1633 353 considerare.
1733 311 1867 352 cum
1920 296 2073 353 esset
2127 293 2284 352 enim

268 386 445 442 natus
481 383 726 458 Mylasis
774 385 834 441 et
881 381 1393 442 animadvertisset
1428 381 1845 442 Halicarnasso
1882 383 2077 442 locum
2111 385 2282 442 natu·

153 483 250 534 (25)
263 473 474 531 raliter
502 490 625 531 esse
661 472 959 530 munitum
986 462 1451 553 emssporiumque
1485 471 1764 530 idoneum
1790 469 2032 547 portum
2057 472 2283 544 utilem,

264 561 349 620 ibi
393 560 509 620 sibi
553 561 793 619 domum
837 560 1161 619 constituit.
1232 561 1286 619 is
1332 563 1531 619 autem
1575 561 1737 620 locus
1776 562 1867 619 est
1900 560 2119 619 theatri
2156 579 2284 618 cur-

209 671 240 712 5
267 652 513 710 vaturae
569 650 796 709 similis,
886 649 1089 725 itaque
1142 649 1205 706 in
1255 649 1375 707 imo
1422 649 1741 708 secundum
1793 651 2037 725 portum
2089 650 2285 707 forum

268 741 360 799 est
396 739 801 798 constitutum.
864 756 972 813 per
1006 736 1262 796 mediam
1299 740 1499 797 autem
1536 737 1870 796 altitudinis
1907 741 2285 796 curvaturam

151 838 236 894 50
264 828 877 904 praecinctionemque
931 827 1131 902 platea
1179 827 1377 902 ampla
1428 818 1764 908 latiltudine
1817 828 2003 903 facta,
2057 827 2121 884 in
2169 847 2284 903 qua

264 917 462 976 media
505 916 875 975 Mausoleum
927 915 1016 974 ita
1071 915 1324 992 egregiis
1380 915 1652 991 operibus
1700 918 1790 975 est
1836 917 2062 975 factum
2105 919 2176 976 ut
2220 916 2284 974 in

262 1009 494 1083 septem
529 1004 878 1079 spectaculis
913 1004 1265 1062 nominetur.
1327 1003 1393 1061 in
1428 1021 1659 1062 summa
1696 1023 1826 1064 arce
1851 1005 2047 1064 media
2074 1005 2285 1064 Martis

184 1117 242 1156 10
269 1096 477 1153 fanum
529 1092 751 1152 habens
808 1096 1067 1152 statuam
1113 1092 1458 1152 colossicam
1504 1093 1831 1152 acrolithon
1874 1094 2060 1153 nobili
2105 1115 2285 1154 manu

185 1195 252 1248 (5)
271 1182 587 1242 Leocharis
650 1182 886 1240 factam.
982 1181 1136 1240 hanc
1199 1183 1401 1240 autem
1463 1183 1723 1239 statuam
1763 1176 1771 1259 Ι
1814 1182 1916 1240 alii
1970 1181 2284 1242 Leocharis

269 1271 376 1329 alii
421 1270 715 1330 Timothei
758 1274 974 1348 putant
1020 1289 1160 1330 esse.
1233 1271 1299 1328 in
1346 1287 1526 1329 cornu
1571 1272 1770 1327 autem
1815 1287 2043 1329 summo
2079 1272 2283 1330 dextro

268 1359 518 1418 Veneris
575 1362 636 1418 et
679 1359 955 1419 Mercurii
1009 1361 1217 1419 fanum
1273 1358 1349 1417 ad
1402 1358 1595 1435 ipsum
1643 1357 1991 1417 Salmacidis
2041 1360 2283 1419 fontem.

265 1449 318 1508 is
373 1451 577 1507 autem
629 1449 783 1508 falsa
839 1449 1116 1524 opinione
1169 1451 1423 1525 putatur
1466 1447 1703 1506 venerio
1748 1446 1953 1506 morbo
1999 1447 2284 1524 inplicare

181 1557 236 1600 15
267 1555 366 1596 eos
413 1538 516 1613 qui
562 1557 631 1596 ex
677 1557 744 1597 eo
790 1537 1064 1596 biberint.
1137 1537 1240 1597 sed
1285 1537 1430 1594 haec
1477 1536 1677 1612 opinio
1725 1555 1905 1612 quare
1942 1555 2051 1612 per
2085 1536 2286 1595 orbem

151 1637 248 1690 (10)
268 1630 462 1685 terrae
515 1627 668 1686 falso
721 1646 956 1686 rumore
1010 1626 1090 1685 sit
1142 1627 1471 1702 pervagata
1524 1643 1643 1682 non
1686 1624 1916 1702 pigebit
1961 1616 2285 1706 exlponere.

266 1734 386 1774 non
440 1716 598 1774 enim
654 1715 812 1791 quod
865 1714 1082 1774 dicitur
1134 1715 1345 1773 molles
1401 1715 1462 1773 et
1514 1713 1821 1789 inpudicos
1877 1733 1947 1773 ex
2002 1733 2072 1772 ea
2132 1733 2287 1790 aqua

266 1803 412 1878 fieri,
457 1803 520 1860 id
564 1807 764 1879 potest
808 1823 951 1878 esse,
998 1803 1100 1862 sed
1146 1806 1236 1862 est
1277 1804 1403 1862 eius
1448 1803 1630 1862 fontis
1674 1805 1938 1878 potestas
1978 1802 2285 1878 perlucida

269 1910 562 1969 saporque
627 1892 913 1971 egregius.
1013 1911 1150 1951 cum
1213 1894 1417 1950 autem
1470 1890 1657 1950 Melas
1712 1894 1772 1949 et
1824 1891 2151 1952 Arevanias
2212 1892 2285 1951 ab

176 2004 238 2044 20
267 1981 446 2058 Argis
485 1983 547 2039 et
582 1982 874 2040 Troezene
911 1982 1198 2041 coloniam
1239 2000 1608 2041 communem
1645 1999 1713 2039 eo
1749 1981 1866 2040 loci
1902 1980 2287 2057 deduxerunt,

147 2083 246 2135 (15)
264 2069 545 2129 barbaros
584 2068 764 2129 Caras
802 2073 863 2128 et
896 2070 1145 2148 Lelegas
1183 2070 1498 2129 eiecerunt.
1570 2069 1635 2127 hi
1671 2072 1869 2128 autem
1915 2069 1992 2128 ad
2036 2063 2284 2153 monltes

265 2160 461 2236 fugati
508 2160 665 2217 inter
709 2177 771 2218 se
817 2161 1239 2236 congregantes
1285 2158 1695 2218 discurrebant
1740 2162 1801 2217 et
1842 2158 1929 2217 ibi
1973 2159 2285 2219 latrocinia

266 2247 550 2306 facientes
598 2246 914 2307 crudeliter
957 2267 1055 2308 eos
1091 2247 1425 2307 vastabant.
1496 2250 1723 2323 postea
1748 2247 1821 2306 de
1866 2249 2089 2309 colonis
2133 2267 2285 2308 unus

267 2337 345 2395 ad
400 2355 535 2395 eum
587 2337 816 2396 fontem
868 2340 1114 2412 propter
1155 2336 1488 2396 bonitatem
1543 2354 1731 2411 aquae
1778 2340 2057 2411 quaestus
2107 2356 2283 2397 causa

176 2446 237 2487 25
267 2424 576 2484 tabernam
632 2424 901 2485 omnibus
958 2425 1141 2501 copiis
1194 2425 1479 2484 instruxit
1524 2444 1773 2500 eamque
1820 2426 2138 2485 exercendo
2184 2445 2283 2485 eos

265 2513 546 2574 barbaros
576 2513 910 2573 allectabat.
973 2515 1061 2573 ita
1088 2514 1441 2592 singillatim
1466 2515 1841 2573 decurrentes
1875 2517 1936 2572 et
1972 2515 2048 2573 ad
2084 2518 2284 2574 coetus

149 2594 280 2684 (20)}
312 2604 723 2663 convenientes
781 2622 811 2661 e
867 2604 1016 2661 duro
1070 2604 1312 2678 feroque
1366 2622 1529 2661 more
1584 2603 1932 2661 commutati
1983 2604 2047 2661 in
2103 2602 2282 2663 Grae·

267 2710 469 2751 corum
514 2692 996 2751 consuetudinem
1042 2694 1102 2751 et
1147 2692 1503 2751 suavitatem
1548 2710 1654 2750 sua
1696 2691 2005 2750 voluntate
2048 2693 2283 2752 reduce-

266 2780 499 2841 bantur.
574 2801 714 2859 ergo
752 2800 822 2840 ea
867 2799 1026 2857 aqua
1071 2798 1190 2839 non
1226 2780 1494 2857 inpudici
1530 2778 1716 2838 morbi
1754 2779 1903 2839 vitio
1941 2780 2043 2840 sed
2076 2780 2281 2841 huma-

411 2938 442 2985 2
481 2932 618 3001 my(i
648 2932 869 3001 S)lasus
899 2931 1015 2988 Hs
1045 2931 1168 3001 (-sis
1198 2931 1435 2996 H⁰S⁰G‚
1478 2932 1572 2987 sed
1608 2949 1725 2985 -sus
1758 2930 1864 3000 GC).
1900 2930 1908 3004 Ι
1940 2930 2282 2987 alicarnasso

268 3005 452 3073 <maso
481 3003 549 3072 S)
584 3021 640 3057 x.
673 3005 684 3074 Ι
713 3003 842 3057 loct-1
874 3003 948 3057 G:
995 3001 1120 3058 loco
1157 3019 1284 3057 oum
1312 3002 1393 3070 H,
1428 3000 1625 3073 Ιοέιῑ
1654 3002 1708 3058 S.
1820 3007 1887 3056 10
1925 3002 2280 3061 colossicam:

268 3072 474 3128 colossi
511 3074 706 3145 (colosi
738 3076 809 3145 G)
847 3091 1016 3142 quam
1051 3091 1106 3128 ω.
1153 3076 1172 3144 ΙΙ
1220 3078 1282 3126 11
1322 3071 1625 3127 telocharis
1654 3073 1725 3127 H
1776 3074 1918 3142 (ΘΟ),
1962 3074 2077 3129 telo
2114 3074 2282 3129 claris

266 3144 339 3201 G.
391 3145 400 3215 Ι
447 3144 783 3199 teleocharis
812 3146 879 3200 H
885 3146 948 3203 S(
960 3146 1076 3215 GC),
1114 3144 1262 3199 teleo
1299 3143 1469 3197 claris
1501 3145 1567 3200 G.
1623 3146 1642 3214 ΙΙ
1698 3149 1763 3198 13
1801 3144 2041 3200 mercuri
2068 3145 2137 3200 H
2166 3145 2284 3215 (-rii

268 3214 414 3286 GS).
456 3219 476 3285 l}
519 3222 584 3269 15
622 3215 869 3271 biberint
897 3216 1032 3273 HS:
1077 3217 1232 3269 -runt
1264 3216 1329 3270 G.
1359 3217 1379 3284 ΙΙ
1408 3220 1473 3269 16
1509 3214 1780 3270 falsorum
1814 3218 1925 3285 (-o3.
1946 3216 2008 3283 S)
2040 3232 2136 3296 ore
2172 3236 2227 3270 x.
2258 3216 2285 3341 ἕ

271 3291 336 3340 19
374 3289 692 3357 (saporque)
730 3287 864 3342 eius.
893 3288 1038 3341 eius-
1061 3289 1189 3343 add.
1220 3287 1274 3343 S.
1321 3290 1339 3353 ss
1386 3292 1454 3340 20
1489 3288 1713 3342 troezen
1748 3305 1802 3341 x.
1841 3289 1861 3357 ΙΙ
1898 3292 1963 3340 21
2003 3303 2258 3341 eiecerun

269 3357 332 3414 S:
362 3358 613 3412 eicerunt
647 3358 709 3412 H
715 3360 782 3415 G.
811 3360 829 3428 ΙΙ
857 3364 923 3413 26
953 3358 1264 3413 allectabat
1282 3355 1351 3410 H
1355 3359 1429 3413 G:
1462 3356 1631 3413 -tavit
1649 3359 1702 3414 S.
1736 3360 1743 3427 Ι
1778 3356 2111 3427 singillatim
2129 3358 2199 3412 H
2205 3359 2281 3415 G:

269 3426 599 3499 singulatim
628 3430 680 3486 S.
723 3432 742 3499 ΙΙ
783 3434 848 3483 27
887 3429 1113 3500 feroque
1143 3431 1236 3486 Sc:
1274 3428 1529 3497 ferroque
1564 3446 1620 3484 ω.
1670 3434 1689 3499 ss
1740 3433 1806 3482 29
1844 3427 1982 3499 in(m
2009 3428 2281 3499 S)pudico

267 3518 324 3556 x.
368 3500 377 3571 Ι
415 3501 609 3556 morbo
647 3508 773 3557 ante
808 3518 942 3556 corr.
973 3502 1050 3556 H.

374 3600 580 3641 Vrrnvv.
610 3600 666 3642 de
699 3600 937 3641 architect.
965 3600 1035 3641 ed.
1062 3600 1222 3643 Bone.
1896 3594 1931 3642 4

2324 1465 2389 1513 12
