2664 3927
760 181 857 236 DE
895 181 1457 237 ARCHITECTURA
1492 182 1627 238 LIB.
1664 182 1757 252 VJ,
1798 189 1829 236 3
2181 185 2303 250 141

286 332 622 392 latitudinis
669 335 880 392 octava
925 332 1343 392 constituatur.
1430 333 1735 392 lacunaria
1781 334 1905 394 eius
1950 335 2130 394 tertia
2174 336 2311 394 lati-

179 433 268 483 (10)
287 421 510 480 tudinis
561 421 636 481 ad
683 420 1059 481 altitudinem
1107 413 1356 503 adliecta
1402 423 1779 482 extollantur.
1868 424 2068 483 fauces
2121 425 2311 484 mino-

285 511 446 569 ribus
495 511 662 570 atriis
709 531 740 569 e
786 509 1042 569 tabulini
1086 510 1406 570 latitudine
1452 512 1693 587 dempta
1738 512 1938 587 tertia,
1988 513 2311 574 maioribus

285 600 532 658 dimidia
579 599 1034 659 constituantur.
1106 599 1394 678 imagines
1440 601 1587 660 item
1632 601 1755 660 alte
1800 619 1934 660 cum
1978 602 2101 661 suis
2140 621 2309 665 orna·-

231 709 256 750 5
284 689 501 748 mentis
548 689 623 746 ad
668 688 1049 747 latitudinem
1096 689 1328 747 alarum
1376 689 1496 749 sint
1540 691 1920 750 constitutae.

416 777 792 836 Latitudines
837 777 1032 835 forum
1069 777 1147 834 ad
1193 779 1574 838 altitudinem
1618 780 1669 838 si
1715 778 1950 839 doricae
1997 783 2175 838 erunt
2218 781 2309 839 uti

176 859 296 949 ‹15){
329 867 591 941 doricae,
647 867 697 925 si
747 865 976 925 ionicae
1027 869 1200 924 erunt
1244 867 1337 925 uti
1379 868 1609 927 ionicae
1652 868 2052 945 perficiantur,
2108 888 2307 945 quem·

285 956 603 1015 admodum
648 954 720 1013 de
773 953 1130 1030 thyromatis
1184 955 1248 1012 in
1295 958 1508 1032 quarto
1553 956 1707 1016 libro
1751 959 2011 1017 rationes
2058 977 2308 1034 symme-

282 1046 534 1104 triarum
577 1045 721 1102 sunt
757 1045 1076 1120 expositae.
1148 1044 1473 1120 compluvii
1506 1046 1707 1104 lumen
1740 1046 1938 1104 latum
1969 1047 2308 1106 latitudinis

201 1156 255 1194 ιο
284 1129 427 1192 atrii
480 1152 554 1192 ne
603 1133 798 1191 minus
845 1135 1086 1208 quarta,
1139 1152 1214 1192 ne
1267 1133 1407 1209 plus
1462 1134 1641 1192 tertia
1694 1137 1866 1209 parte
1919 1136 2309 1212 relinquatur,

283 1221 594 1299 longitudo
641 1222 732 1280 uti
775 1221 917 1280 atrii
959 1240 1068 1297 pro
1114 1225 1248 1280 rata
1292 1224 1464 1298 parte
1507 1221 1632 1280 fiat.

174 1323 265 1374 (20)
421 1303 427 1393 Ι
468 1310 767 1386 Peristyla
825 1313 1024 1369 autem
1076 1311 1139 1368 in
1192 1314 1531 1370 transverso
1586 1310 1767 1371 tertia
1821 1315 1991 1388 parte
2036 1313 2308 1390 longiora

284 1400 405 1459 sint
457 1419 637 1476 quam
688 1399 980 1459 introrsus
993 1446 1008 1475 ,
1063 1400 1372 1458 columnae
1425 1403 1552 1458 tam
1607 1400 1764 1459 altae
1821 1419 2001 1476 quam
2043 1402 2307 1476 porticus

281 1489 442 1547 latae
486 1488 730 1547 fuerint.
801 1489 1227 1565 peristylorum
1270 1489 1726 1548 intercolumnia
1766 1509 1840 1548 ne
1876 1484 2087 1549 minus
2108 1491 2309 1565 trium,

203 1599 254 1639 15
281 1597 355 1636 ne
401 1579 536 1654 plus
585 1580 869 1653 quattuor
903 1579 1311 1637 columnarum
1350 1579 1739 1638 crassitudine
1775 1579 1933 1637 inter
1968 1597 2030 1638 se
2068 1578 2307 1639 distent.

282 1668 374 1725 sin
421 1669 622 1726 autem
660 1666 860 1726 dorico
897 1686 1060 1726 more
1095 1667 1160 1724 in
1196 1668 1486 1743 peristylo
1525 1667 1830 1726 columnae
1869 1670 2044 1726 erunt
2078 1669 2305 1728 faciun-

138 1764 260 1820 143
284 1756 419 1830 dae,
482 1756 574 1814 uti
637 1755 700 1814 in
742 1748 749 1836 Ι
794 1759 1005 1831 quarto
1070 1756 1224 1815 libro
1279 1756 1351 1815 de
1406 1755 1621 1815 doricis
1676 1757 1886 1832 scripsi
1939 1758 2026 1816 ita
2080 1758 2306 1818 moduli

282 1847 592 1902 sumantur
654 1847 714 1902 et
779 1845 855 1902 ad
919 1863 1017 1904 eos
1081 1845 1352 1904 modulos
1425 1845 1979 1924 triglyphorumque
2042 1847 2305 1908 rationes

283 1932 689 2009 disponantur.

200 2044 253 2083 20
417 2022 834 2081 Tricliniorum
863 2025 1086 2098 quanta
1122 2023 1384 2083 latitudo
1421 2025 1621 2100 fuerit,
1656 2024 1747 2084 bis
1782 2028 1954 2084 tanta
1990 2026 2302 2103 longitudo

191 2125 252 2175 (5)
280 2111 408 2170 fieri
438 2110 688 2169 debebit.
755 2111 1100 2171 altitudines
1131 2113 1398 2193 omnium
1425 2114 1811 2190 conclavium,
1850 2134 2000 2191 quae
2030 2110 2303 2195 obfilonga

278 2201 528 2274 fuerint,
591 2201 675 2259 sic
737 2200 952 2259 habere
1016 2201 1231 2260 debent
1291 2202 1587 2261 rationem
1644 2204 1736 2261 uti
1798 2203 2187 2280 longitudinis
2243 2206 2303 2262 et

277 2288 616 2349 latitudinis
661 2308 940 2348 mensura
977 2294 1369 2366 componatur
1405 2295 1466 2350 et
1502 2312 1571 2351 ex
1609 2311 1680 2351 ea
1725 2311 1955 2351 summa
1991 2292 2301 2351 dimidium

280 2381 549 2439 sumatur
603 2381 663 2437 et
720 2382 1008 2454 quantum
1062 2381 1244 2437 fuerit
1287 2382 1525 2439 tantum
1571 2381 1876 2439 altitudini
1930 2381 2117 2440 detur.
2210 2382 2302 2440 sin

195 2489 248 2530 25
280 2471 480 2527 antem
518 2467 805 2527 exhedrae
843 2471 948 2526 aut
985 2470 1110 2527 oeci
1148 2470 1425 2544 quadrati
1471 2470 1711 2544 fuerint,
1755 2469 2092 2529 latitudinis
2130 2470 2299 2529 dimi·

277 2557 376 2616 dia
415 2556 618 2615 addita
657 2556 1000 2615 altitudines
1039 2557 1380 2616 educantur.
1448 2557 1869 2635 pinacothecae
1896 2560 1987 2618 uti
2016 2559 2300 2619 exhedrae

165 2660 256 2710 (ιο)
278 2646 492 2722 amplis
533 2640 542 2723 Ι
582 2645 1090 2722 magnitudinibus
1139 2648 1277 2705 sunt
1323 2647 1787 2706 constituendae.
1861 2648 1987 2707 oeci
2022 2649 2299 2707 corinthii

276 2735 695 2811 tetrastylique
740 2735 960 2811 quique
997 2736 1266 2813 aegyptii
1293 2739 1587 2795 vocantur
1627 2736 1964 2795 latitudinis
2005 2741 2064 2796 et
2108 2737 2297 2814 longi-

422 2911 449 2957 1
491 2904 611 2959 eius
649 2904 716 2959 H
722 2904 785 2960 S
834 2904 887 2959 ci
928 2904 994 2960 G.
1049 2906 1068 2975 ΙΙ
1123 2910 1155 2958 3
1193 2904 1444 2960 &ablinii
1472 2906 1552 2974 H,
1588 2908 1647 2959 et
1682 2905 1888 2959 tablini
1918 2907 1988 2974 G,
2026 2923 2056 2960 e
2092 2906 2299 2961 tablini

276 2976 329 3030 S.
386 2978 404 3045 11
457 2981 493 3028 4
531 2976 947 3030 constituantur
981 2976 1059 3031 G.
1097 2978 1253 3029 -atur
1281 2977 1408 3032 HS.
1458 2980 1469 3045 1
1517 2977 1678 3031 item·
1716 2976 1800 3030 ita
1836 2994 1890 3032 x.
1947 2978 1965 3047 11
2020 2983 2052 3031 6
2089 2978 2296 3033 forum.

275 3063 463 3101 eorum
496 3046 642 3116 HG,
671 3052 806 3101 earu
825 3047 879 3103 S.
914 3049 923 3116 1
955 3046 1189 3103 dorica.
1267 3050 1385 3117 .(7)
1415 3047 1649 3102 dorica.
1726 3048 1993 3103 ,ionica.
2072 3048 2299 3104 ,ionica

273 3136 328 3173 x.
375 3120 394 3189 11
441 3124 472 3172 8
509 3118 614 3190 ty(i
647 3118 954 3188 G)romatis
983 3118 1130 3186 HG,
1168 3118 1469 3187 cyromatis
1508 3119 1560 3174 S.
1596 3124 1604 3187 Ι
1635 3091 1696 3172 in
1732 3121 1958 3187 quarto:
1997 3118 2057 3173 in
2094 3120 2297 3188 quibus

275 3192 475 3257 quarto
503 3207 556 3245 ω.
586 3192 606 3260 ΙΙ
634 3195 665 3243 9
695 3206 838 3260 conp
841 3189 939 3243 lun
967 3191 1086 3259 (sic)
1116 3190 1191 3245 H.
1228 3190 1235 3257 Ι
1267 3190 1448 3242 latum
1482 3206 1579 3245 om.
1615 3190 1682 3245 G
1712 3193 1729 3259 11
1761 3197 1825 3243 12
1855 3189 2129 3260 peristyla
2155 3191 2225 3245 H
2228 3191 2299 3247 S

273 3260 553 3329 peristilia
583 3262 650 3317 G.
694 3262 712 3331 11
756 3266 822 3315 13
861 3260 1130 3317 Columna
1203 3260 1499 3315 &amaltae
1539 3262 1610 3315 H.
1652 3263 1671 3331 11
1716 3267 1781 3314 14
1819 3209 2298 3331 peristy(i)liorum

273 3352 328 3385 w.
371 3334 390 3401 11
434 3337 500 3385 16
536 3331 808 3401 peristylo
847 3335 966 3403 (sic)
1003 3350 1057 3387 ω.
1101 3337 1110 3400 1
1175 3332 1460 3398 aciunde(-
1439 3350 1494 3403 -e
1524 3333 1593 3401 S)
1620 3350 1675 3387 x.
1718 3335 1736 3403 ΙΙ
1780 3338 1844 3385 21
1885 3331 2296 3387 conclaviorum

272 3420 344 3525 ΞΒ
359 3402 1242 3556 (altiilzffdiffi'sedttilzafftfhtiirpirfa
1263 3406 1592 3543 {zilhgleagfi
1597 3403 2145 3549 9(}3nsi36113{22ff
2160 3403 2247 3545 ἀς).
2277 3404 2298 3547 ΙΙ

276 3548 344 3596 28
383 3542 715 3598 latitudines
753 3548 810 3599 et
847 3544 1227 3615 longitudines
1262 3563 1315 3601 x.
