2664 3927
343 147 473 210 174
1182 147 1513 202 VITRUVII

339 296 444 378 <ct
488 296 663 379 cum>
708 303 799 359 est
844 300 1179 358 subcretum
1223 300 1286 356 in
1334 299 1608 374 operibus
1652 301 1919 357 utuntur.
2009 299 2144 358 aliis
2196 300 2367 374 locis»,

339 392 409 446 ut
452 390 610 447 inter
642 388 986 467 Magnesiae
1031 393 1092 447 et
1126 389 1350 464 Ephesi
1393 388 1558 463 fineS,
1602 390 1741 447 sunt
1776 388 1909 446 loca
1943 389 2099 446 unde
2134 388 2367 446 foditur

338 481 553 553 parata
592 474 601 555 Ι
644 497 824 553 quam
878 497 986 546 nec
1038 479 1258 536 molere
1312 496 1421 536 nec
1476 495 1709 535 cernere
1764 495 1911 551 opus
1958 480 2075 551 est,
2129 477 2231 536 sed
2278 479 2367 536 sic
2389 486 2526 542 17ss

338 570 431 625 est
484 566 717 626 subtilis
774 566 1274 641 quemadmodum
1325 567 1377 624 si
1434 584 1551 640 qua
1606 568 1698 624 est
1753 583 1935 624 manu
1990 569 2237 624 contusa
2301 568 2367 624 et

340 655 630 714 subereta.
2394 673 2425 714 5

232 747 334 801 VII
472 742 710 802 Colores
764 761 903 802 vero
968 743 1075 801 alii
1137 745 1277 802 sunt
1341 745 1442 818 qui
1505 762 1612 818 per
1675 761 1737 801 se
1791 743 1970 801 certis
2023 743 2169 801 locis
2225 761 2362 818 pro-

337 835 612 890 creantur
656 835 718 890 et
761 832 900 890 inde
943 832 1266 906 fodiuntur,
1309 833 1587 890 nonnulli
1634 850 1703 890 ex
1748 831 1883 890 aliis
1927 830 2101 890 rebus
2139 834 2360 890 tracta-

334 920 600 979 tionibus
645 923 752 978 aut
791 916 799 1001 Ι
838 921 1191 978 mixtionum
1226 921 1643 995 temperaturis
1689 921 2001 995 compositi
2045 919 2355 996 perficiun-
2380 931 2455 982 (5)

268 1020 295 1067 1
335 1012 451 1084 tur,
495 1010 588 1067 uti
630 1012 938 1085 praestent
981 1009 1230 1068 eandem
1272 1010 1337 1066 in
1374 1009 1648 1084 operibus
1684 1009 2025 1067 utilitatem.
2097 1009 2358 1084 primum

337 1100 541 1156 autem
585 1116 940 1173 exponemus
988 1117 1140 1173 quae
1183 1116 1293 1173 per
1327 1116 1391 1156 se
1426 1099 1731 1156 nascentia
1765 1097 2091 1173 fodiuntur,
2137 1098 2227 1155 uti
2262 1099 2355 1172 sil,
2386 1117 2450 1156 io

337 1205 488 1261 quae
525 1205 732 1263 graece
770 1203 949 1261 ωχρα
986 1187 1217 1246 dicitur.
1288 1186 1435 1244 haec
1470 1205 1610 1246 vero
1645 1186 1850 1245 multis
1887 1187 2031 1246 locis
2068 1189 2139 1244 ut
2174 1187 2357 1245 etiam

333 1276 398 1333 in
450 1275 632 1334 Italia
687 1276 1012 1350 invenitur,
1075 1276 1178 1334 sed
1233 1293 1386 1350 quae
1438 1276 1636 1333 fuerat
1691 1276 1917 1350 optima
1982 1277 2168 1334 attica
2220 1275 2353 1334 ideo

334 1383 489 1423 nunc
524 1383 645 1423 non
678 1364 932 1423 habetur
959 1364 1119 1440 quod
1159 1359 1168 1442 Ι
1207 1363 1460 1422 Athenis
1498 1364 1970 1439 argentifodinae
1999 1383 2133 1422 cum
2168 1364 2352 1422 habu·
2374 1372 2471 1426 (1⁰)

333 1456 506 1511 erunt
541 1454 820 1528 familias,
857 1456 999 1512 tunc
1035 1471 1242 1527 specus
1279 1451 1388 1511 sub
1420 1455 1581 1510 terra
1617 1452 1995 1511 fodiebantur
2030 1452 2108 1510 ad
2145 1471 2352 1530 argen-

330 1544 461 1599 tum
504 1541 938 1601 inveniendum.
1011 1560 1145 1599 cum
1188 1540 1274 1598 ibi
1318 1559 1471 1599 vena
1514 1541 1669 1599 forte
1712 1542 2093 1617 inveniretur,
2138 1542 2351 1601 nihilo·
2382 1559 2437 1600 15

329 1631 524 1688 minus
561 1631 653 1688 uti
689 1633 999 1707 argentum
1035 1628 1557 1705 persequebantur,
1601 1631 1805 1706 itaque
1843 1630 2077 1706 antiqui
2113 1631 2353 1708 egregia

261 1731 291 1776 2
331 1720 502 1795 copia
548 1719 674 1778 silis
721 1719 796 1776 ad
841 1719 1190 1794 politionem
1236 1737 1481 1794 operum
1526 1721 1665 1777 sunt
1709 1719 1818 1778 usi.
1889 1720 2037 1777 item
2080 1720 2348 1778 rubricae

330 1809 564 1882 copiose
617 1807 820 1866 multis
875 1809 1020 1866 locis
1076 1808 1427 1881 eximuntur,
1469 1801 1476 1885 Ι
1519 1807 1622 1866 sed
1666 1808 1926 1883 optimae
1970 1809 2204 1884 paucis,
2258 1809 2349 1866 uti
2369 1818 2459 1870 (15)

327 1894 521 1954 Ponto
569 1894 812 1973 Sinope,
867 1900 928 1955 et
976 1896 1280 1974 AegyptO,
1338 1897 1403 1954 in
1450 1896 1744 1972 Hispania
1797 1896 2175 1973 Balearibus,
2227 1914 2348 1955 non

326 1985 522 2043 minus
561 1986 742 2044 etiam
777 1985 1018 2060 Lemno,
1064 1986 1228 2045 cuius
1264 1986 1495 2045 insulae
1531 1985 1851 2062 vectigalia
1887 1985 2348 2045 Atheniensibus
2376 2006 2431 2044 20

258 2085 289 2132 3
327 2076 567 2132 senatus
621 2074 991 2150 populusque
1037 2074 1338 2133 Romanus
1386 2076 1673 2133 concessit
1715 2074 1982 2134 fruenda.
2072 2078 2345 2151 paraeto-

328 2162 494 2220 nium
530 2181 668 2222 vero
708 2182 777 2220 ex
813 2164 958 2239 ipsis
996 2163 1141 2223 locis
1176 2164 1334 2221 unde
1370 2163 1596 2223 foditur
1629 2163 1811 2221 habet
1844 2182 2074 2223 nomen.
2141 2163 2346 2222 eadem

323 2252 556 2309 ratione
618 2251 930 2326 melinum,
993 2252 1152 2328 quod
1215 2253 1341 2311 eius
1403 2253 1713 2311 metallum
1766 2246 1981 2333 inqula
2035 2252 2345 2329 cycladum
2364 2261 2453 2313 (20)

253 2353 288 2400 4
324 2339 480 2398 Melo
518 2340 736 2398 dicitur
771 2359 912 2401 esse.
985 2343 1147 2399 creta
1173 2341 1380 2400 viridis
1408 2342 1555 2399 item
1588 2340 1855 2417 pluribus
1891 2341 2037 2401 locis
2063 2343 2347 2417 nascitur,

323 2427 425 2487 sed
499 2430 726 2504 optima
788 2430 1096 2505 Zmyrnae.
1202 2429 1355 2488 hanc
1428 2432 1629 2488 autem
1693 2428 1903 2488 Graeci
1974 2431 2342 2491 θεοδοτειον
2372 2450 2424 2490 25

321 2520 557 2593 vocant,
605 2517 762 2593 quod
807 2519 1144 2577 Theodotus
1190 2520 1427 2577 nomine
1481 2520 1679 2577 fuerat
1723 2519 1887 2578 cuius
1941 2521 2005 2577 in
2050 2519 2234 2579 fundo
2279 2519 2342 2577 id

318 2705 486 2775 qiwm.
531 2706 582 2760 G
615 2706 773 2761 habet
807 2707 887 2761 sie
924 2706 985 2777 (f.
1015 2707 1135 2775 55a)
1173 2706 1423 2761 deiciunt
1458 2690 1852 2762 contundam-,2
1895 2707 1953 2761 et
1991 2688 2335 2779 molliunt21

318 2793 444 2847 Etis
474 2794 573 2863 qui
601 2811 668 2849 ex
695 2795 786 2849 hu·
810 2838 821 2850 .
851 2838 865 2851 .
898 2839 909 2849 .
941 2797 1088 2865 (post
1114 2778 1428 2849 molliunt-‚²-
1447 2798 1792 2866 interpwnoeit
1825 2796 2123 2863 corrector).

461 2871 496 2919 4
535 2866 796 2921 subtilius
831 2884 887 2922 ω.
941 2869 960 2937 ΙΙ
1016 2873 1047 2920 6
1086 2866 1351 2921 aliissunt
1385 2868 1462 2921 H.
1515 2868 1524 2939 Ι
1571 2870 1934 2937 procreantur
1969 2866 2168 2922 EGS:
2214 2882 2339 2935 pro-

320 2935 616 2991 crehentur
670 2938 746 2992 H.
811 2939 830 3006 ΙΙ
895 2943 927 2990 8
981 2937 1349 2993 mixtionibus
1413 2939 1808 3008 temperaturis
1862 2956 1903 2994 x
1956 2940 2113 3006 (corr.
2168 2938 2339 3005 Nohl,

316 3009 386 3075 cf.
407 3025 469 3077 p.
500 3013 629 3077 180,
649 3010 725 3077 2).
763 3012 782 3077 ΙΙ
817 3015 848 3061 9
886 3007 1184 3064 incandem
1212 3009 1283 3062 H
1285 3009 1348 3065 S:
1387 3010 1623 3063 eandem
1651 3010 1857 3065 EGSc.
1887 3012 1905 3080 ΙΙ
1935 3014 2002 3062 10
2040 3008 2127 3076 sil,
2167 3024 2335 3077 quae:

317 3078 518 3146 siquod
553 3096 608 3133 x.
655 3082 674 3149 ΙΙ
720 3085 782 3131 11
825 3078 1021 3133 ochras
1060 3100 1114 3135 x.
1161 3082 1180 3150 ΙΙ
1226 3086 1292 3133 12
1330 3080 1483 3135 atica
1518 3081 1643 3137 HS.
1691 3083 1710 3151 ΙΙ
1757 3087 1822 3134 16
1859 3078 2339 3150 persequebantur

315 3150 462 3205 EG:
500 3150 692 3203 -batur
720 3150 842 3204 HS.
894 3151 912 3219 ΙΙ
965 3156 1028 3204 17
1068 3168 1172 3205 usu
1208 3152 1331 3206 EG
1369 3151 1478 3232 (usi
1508 3153 1582 3208 Ge
1608 3178 1675 3199 =
1703 3152 1861 3222 HS).
1916 3154 1936 3221 ΙΙ
1991 3156 2059 3205 18
2097 3150 2183 3203 uti
2218 3149 2338 3220 (Uti

315 3220 372 3288 S,
408 3220 486 3273 Ut
511 3222 596 3290 E)
631 3222 804 3289 ponto
843 3219 1036 3289 sinope
1066 3223 1261 3277 EGS:
1307 3224 1394 3276 ut1
1427 3225 1630 3291 pontos
1667 3222 1833 3292 inope
1863 3223 1939 3277 H.
1996 3224 2015 3292 ΙΙ
2070 3227 2135 3274 21
2174 3236 2335 3290 pare-

313 3290 532 3345 tonium
560 3291 696 3346 HS:
723 3291 1118 3361 parethonium
1148 3294 1219 3361 G,
1244 3293 1607 3362 parthenium
1626 3295 1697 3349 E.
1726 3296 1745 3364 ΙΙ
1774 3300 1841 3346 23
1870 3292 2090 3348 metalli
2117 3292 2335 3345 insulae

317 3360 410 3427 (H
411 3361 490 3429 Sc,
524 3380 581 3434 -e
611 3362 751 3430 EG,
788 3379 848 3415 -a
885 3370 1011 3417 ante
1046 3366 1148 3433 ipa
1187 3381 1324 3419 corr.
1357 3364 1424 3434 S>
1463 3364 1573 3435 cy(i
1600 3363 1953 3435 EGS)01adi
1989 3364 2137 3418 melo
2164 3381 2205 3419 x
2242 3364 2333 3433 (cf.

319 3428 457 3485 Fav.
488 3436 615 3500 306,
634 3436 742 3487 12.
771 3434 791 3503 ΙΙ
819 3438 885 3487 25
925 3434 1134 3503 optime
1163 3435 1216 3491 S.
1251 3437 1260 3505 Ι
1291 3434 1503 3490 zmirne
1540 3436 1609 3490 H
1614 3436 1657 3491 S
1666 3438 1741 3491 G:
1782 3453 2003 3505 smyrne
2031 3436 2101 3491 E.
2136 3438 2145 3504 Ι
2176 3433 2334 3487 theo-

319 3498 486 3553 dotefi
516 3503 582 3555 H
586 3504 630 3558 S
661 3505 706 3573 (t
747 3519 811 3559 co
851 3504 1020 3559 dotefi
1051 3506 1164 3575 H)=
1203 3505 1537 3560 theothotefi
1566 3506 1687 3561 EG
1724 3507 2007 3576 (theodote
2040 3507 2220 3576 Fau).
