2664 3927
241 493 272 540 7

307 151 394 216 84
905 187 910 190 -
1151 139 1481 202 VITRUV'II

309 301 470 378 poris
515 301 959 377 proportionem
1013 301 1074 357 et
1126 298 1473 357 firmitatem
1527 301 1587 357 et
1640 301 2014 358 venustatem
2066 299 2130 355 in
2186 297 2345 356 aedi·⁴

311 390 462 448 ficiis
507 391 809 466 praestare
855 389 1067 464 coepit.

449 470 457 560 Ι
488 479 642 538 Item
684 480 894 554 postea
931 477 1159 535 Dianae
1195 477 1555 535 constituere
1585 477 1789 535 aedem
1818 479 2165 552 quaerentes
2200 477 2347 534 novi
2376 477 2465 532 86

310 569 540 647 generis
587 567 797 643 specie,
847 566 1035 624 isdem
1079 565 1350 642 vestigiis
1397 565 1473 623 ad
1516 565 1864 624 muliebrem
1908 565 2345 624 transtulerunt

309 657 735 735 gracilitatem,
789 658 851 713 et
893 656 1161 713 fecerunt
1213 655 1473 729 primum
1528 655 1834 713 columnae
1888 653 2345 712 crassitudinem
2402 675 2431 713 5

310 745 645 804 altitudinis
701 746 914 803 octava
966 745 1136 818 parte
1149 788 1164 816 ,
1219 745 1286 801 ut
1340 743 1585 802 haberet
1639 743 1894 820 speciem
1948 743 2343 802 excelsiorem.

308 835 438 894 basi
477 830 487 913 Ι
527 835 751 910 spiram
795 834 1233 908 supposuerunt
1267 851 1378 907 pro
1415 832 1629 907 calceo,
1675 833 1938 908 capitulo
1975 831 2211 891 volutas
2248 831 2344 889 uti
2364 842 2431 893 (5)

311 923 731 999 capillamento
790 922 1190 996 concrispatos
1250 921 1551 979 cincinnos
1610 921 2075 997 praependentes
2134 921 2345 979 dextra

311 1032 381 1071 ac
427 1013 668 1070 sinistra
714 1011 1171 1069 conlocaverlmt
1226 1012 1287 1068 et
1330 1011 1605 1086 cymatiis
1656 1012 1717 1069 et
1762 1010 2031 1085 encarpis
2075 1029 2184 1086 pro
2230 1009 2340 1067 cri·

310 1101 484 1159 nibus
539 1099 841 1175 dispositis
897 1100 1124 1158 frontes
1183 1101 1545 1158 ornaverunt
1597 1101 1925 1174 truncoque
1977 1101 2107 1157 toto
2162 1099 2343 1158 strias
2374 1122 2433 1158 ιο

310 1191 404 1248 uti
447 1190 735 1249 stolarum
778 1207 958 1266 rugas
1010 1189 1337 1247 matronali
1378 1207 1540 1246 more
1595 1187 1973 1246 demiserunt.
2063 1187 2152 1246 ita
2195 1188 2341 1246 duo-

310 1279 420 1337 bus
473 1277 907 1337 discriminibus
961 1268 1388 1359 collumnarum
1442 1277 1870 1352 inventionem,
1933 1295 2115 1334 unam
2177 1276 2343 1335 virili
2362 1287 2462 1339 (ιο)

311 1368 436 1427 sine
491 1370 706 1426 ornatu
757 1367 919 1425 nuda
973 1366 1192 1442 specie,
1256 1366 1509 1425 alteram
1562 1365 1837 1424 muliebri
1890 1365 2222 1424 subtilitate
2278 1369 2343 1424 et

317 1460 530 1516 ornatu
576 1456 1036 1533 symmetriaque
1081 1457 1222 1513 sunt
1254 1454 1534 1513 mutuati.
1605 1456 1831 1530 posteri
1864 1473 2004 1514 vero
2042 1455 2342 1532 elegantia

312 1547 763 1622 subtilitateque
808 1544 1161 1602 iudiciorum
1204 1543 1503 1620 progressi
1538 1545 1600 1602 et
1638 1542 2049 1621 gracilioribus
2083 1543 2341 1602 modulis
2375 1565 2430 1604 15

313 1635 593 1695 delectati
637 1636 864 1711 septem
909 1631 1315 1704 crassitudinis
1363 1631 1683 1692 diametros
1728 1632 1792 1690 in
1830 1632 2209 1691 altitudinem
2243 1651 2340 1691 co-

310 1725 548 1783 lumnae
592 1722 845 1797 doricae,
898 1721 1125 1780 ionicae
1167 1715 1175 1798 Ι
1215 1740 1430 1780 novem
1483 1720 1934 1780 constituerunt.
2022 1721 2087 1780 id
2139 1724 2343 1780 autem
2362 1733 2461 1786 (15)

311 1808 598 1891 (genus),
627 1811 784 1887 quod
812 1811 984 1869 Iones
1011 1811 1279 1869 fecerunt
1303 1811 1513 1886 prime,
1541 1810 1809 1869 Ionicum
1836 1813 1926 1868 est
1952 1809 2341 1869 nominatum.

449 1900 714 1959 Tertium
749 1918 909 1974 ver0,
946 1899 1105 1976 quod
1135 1897 1507 1958 Corinthium
1541 1898 1775 1975 dicitur,
1814 1898 2125 1977 virginalis
2160 1900 2345 1959 habet

314 1990 672 2069 gracilitatis
716 1989 1138 2064 imitationem,
1195 1989 1355 2065 quod
1396 1989 1656 2067 virgines
1701 1991 1947 2065 propter
1990 1990 2206 2049 aetatis
2250 1994 2340 2049 te-
2373 2013 2431 2051 20

312 2079 628 2139 ueritatem
672 2078 1083 2156 gracilioribus
1117 2078 1396 2137 membris
1432 2078 1721 2155 figuratae
1766 2078 2007 2137 effectus
2044 2078 2342 2155 recipiunt

311 2169 375 2227 in
415 2164 425 2247 Ι
466 2169 680 2227 ornatu
706 2168 1089 2226 venustiores.
1161 2167 1286 2225 eius
1325 2167 1525 2225 autem
1560 2167 1809 2242 capituli
1842 2169 2038 2243 prima
2074 2168 2339 2227 inventio
2363 2180 2460 2235 (20)

314 2258 397 2317 sic
441 2259 803 2316 memoratur
848 2274 971 2315 esse
1016 2256 1193 2314 facta.
1283 2256 1452 2333 virgo
1500 2255 1645 2315 civis
1692 2254 2000 2315 Corinthia
2043 2256 2166 2315 iam
2213 2276 2338 2315 ma-

310 2350 450 2405 tura
507 2345 734 2421 nuptiis
792 2345 1081 2420 inplicata
1143 2344 1349 2403 morbo
1410 2344 1676 2403 decessit.
1778 2348 1916 2420 post
1971 2346 2353 2421 sepulturam·

315 2436 466 2509 eius,
521 2433 733 2510 quibus
790 2453 859 2492 ea
912 2433 1081 2511 virgo
1126 2433 1266 2493 viva
1319 2433 1593 2509 pauculis
1649 2433 2082 2507 delectabatur,
2136 2433 2341 2493 nutrix
2372 2457 2427 2497 25

313 2524 564 2583 collecta
608 2525 669 2582 et
713 2523 1041 2599 composita
1084 2522 1148 2580 in
1193 2522 1429 2581 calatho
1474 2523 1725 2599 pertulit
1774 2521 1848 2581 ad
1891 2526 2343 2582 monumentum

314 2615 375 2672 et
416 2612 480 2671 in
525 2631 752 2671 summo
801 2607 810 2691 Ι
860 2611 1194 2671 conlocavit
1238 2614 1323 2685 et,
1378 2611 1469 2669 uti
1524 2630 1594 2670 ea
1646 2614 2060 2688 permanerent
2114 2612 2339 2672 diutius
2362 2624 2462 2676 (2⁵)

315 2702 551 2776 subdiu,
605 2701 810 2779 tegula
862 2701 1030 2760 texit.
1128 2700 1180 2759 is
1236 2701 1506 2759 calathus
1559 2700 1809 2758 fortuito
1866 2720 2045 2776 supra
2099 2702 2341 2760 acanthi

455 2912 490 2960 4
526 2904 768 2976 speciem
796 2908 871 2975 (-ὃ
898 2906 1030 2975 8)ω.
1105 2905 1285 2960 isdem
1313 2905 1509 2975 S(Gc):
1547 2903 1766 2959 hisdem
1795 2905 1864 2959 H
1871 2905 1925 2960 G
1959 2892 2144 2975 (bisde
2184 2904 2293 2975 ΘΟ).
2322 2906 2345 2978 Η

314 2983 347 3031 6
385 2976 705 3032 altitudinis
745 2977 822 3032 G:
869 2993 969 3031 om.
1084 2976 1138 3032 S.
1183 2978 1202 3046 ΙΙ
1248 2982 1280 3029 9
1319 2974 1575 3045 encarpis
1612 2977 1732 3046 (sic)
1770 2994 1825 3031 x.
1873 2978 1893 3046 ΙΙ
1941 2982 2007 3030 10
2046 2975 2213 3030 strias
2255 2976 2332 3033 G:

313 3048 503 3102 istriae
541 3047 610 3101 H
614 3047 667 3102 S.
714 3048 733 3116 ΙΙ
780 3052 844 3099 11
883 3064 1052 3117 rugus
1091 3047 1160 3101 H
1164 3048 1217 3103 S.
1252 3050 1260 3117 Ι
1300 3046 1415 3116 di(e
1456 3045 1823 3117 6⁰)miserunt
1856 3066 1912 3101 ω.
1958 3049 1979 3117 ΙΙ
2026 3053 2091 3101 13
2127 3047 2344 3101 nudam

316 3120 396 3187 (a
434 3119 563 3187 ΘΒ)
600 3116 844 3188 speciem
880 3120 956 3187 (-ὂ
997 3117 1132 3188 G)x.
1166 3119 1175 3189 Ι
1208 3118 1528 3173 subtilitate
1554 3148 1626 3157 —
1652 3120 1766 3189 (14)
1799 3117 2076 3189 eligantia
2119 3120 2196 3175 G':
2234 3136 2340 3175 om.

317 3189 444 3245 HS.
473 3192 492 3258 ΙΙ
522 3194 587 3243 18
625 3204 801 3259 genus
839 3205 940 3243 om.
975 3207 1031 3242 x.
1065 3192 1073 3256 Ι
1106 3189 1257 3257 quod
1295 3191 1443 3258 (ante
1476 3193 1634 3260 corr.)
1672 3205 1771 3245 om.
1801 3190 1853 3245 S.
1881 3192 1901 3259 ΙΙ
1931 3195 1996 3243 19
2035 3186 2341 3258 virginales

320 3260 398 3315 H.
452 3262 471 3329 ΙΙ
526 3265 592 3314 25
638 3257 922 3330 pauculis:
968 3258 1185 3328 poculis
1230 3278 1271 3315 ω
1317 3259 1536 3329 (ioculis
1582 3260 1809 3316 Salmas,
1838 3288 1907 3306 =
1935 3262 2054 3316 ital.
2091 3260 2339 3331 giocoli).

317 3366 394 3418 ad
426 3381 536 3419 rem
572 3366 812 3420 Plautus
847 3364 996 3419 Rud.
1026 3369 1185 3445 1154.
1249 3369 1268 3435 fl
1330 3372 1400 3419 26
1445 3368 1658 3420 moffitfi
1697 3368 1751 3422 S.
1816 3370 1835 3436 11
1898 3372 1964 3420 27
2014 3344 2172 3433 sfimg
2210 3368 2287 3423 64⁶
2320 3366 2345 3440 ΙΙ
2408 3420 2423 3439 ,

323 3440 391 3488 28
431 3436 533 3489 sub
571 3436 668 3489 diu
704 3436 772 3490 H
781 3435 856 3491 G:
895 3435 999 3488 sub
1039 3435 1169 3490 divo
1209 3438 1482 3507 H⁰S(G⁰).
1516 3440 1525 3507 Ι
1564 3437 1799 3493 fortuito
1837 3439 1987 3493 HG:
2026 3441 2113 3493 -tu
2150 3438 2290 3494 H⁰S
2326 3444 2334 3511 Ι

319 3503 549 3558 achanti
583 3524 624 3561 x
659 3508 807 3575 (item
839 3524 890 3561 υ.
918 3507 1029 3574 27).
