2664 3927
797 192 894 246 DE
931 189 1493 246 ARCHITECTURA
1528 191 1662 245 LIB.
1701 191 1769 260 V,
1807 198 1841 245 4
2209 190 2335 254 109

311 363 576 402 sermone
633 362 767 402 cum
821 344 1084 403 dicamus
1139 343 1227 402 sol
1281 344 1384 401 lux
1437 343 1545 401 flos
1591 361 1722 401 vox.
1813 362 1968 401 nunc
2024 343 2183 400 enim
2228 361 2336 400 nec

225 443 292 497 (5)
309 432 468 491 unde
531 433 744 508 incipit
807 452 913 491 nec
966 433 1070 490 ubi
1123 432 1342 491 desinit
1394 423 1808 513 intelllegitur‚
1874 431 1977 491 sed
2040 432 2201 506 quod
2266 450 2338 489 ex

311 524 484 580 acuta
529 521 689 579 facta
737 524 826 579 est
871 522 1068 598 gravis
1117 523 1177 579 et
1222 540 1293 579 ex
1338 521 1508 598 gravi
1554 523 1744 595 acuta,
1792 523 2042 596 apparet
2079 520 2338 579 auribus.

309 631 418 687 per
462 609 810 668 distantiam
865 612 1066 668 autem
1114 629 1144 667 e
1191 611 1502 668 contrario.
1595 628 1851 685 namque
1898 629 2032 668 cum
2076 609 2339 667 flectitur

255 719 281 760 5
309 700 704 758 inmutatione
756 717 870 758 vox
925 699 1138 757 statuit
1201 717 1262 756 se
1325 699 1390 756 in
1444 699 1693 757 alicuius
1752 699 1985 757 sonitus
2046 697 2335 772 finitione,

312 788 522 846 deinde
566 790 631 846 in
677 787 947 861 alterius,
1003 790 1063 845 et
1106 786 1166 845 id
1213 787 1377 844 ultro
1424 789 1573 846 citro
1620 786 1819 846 crebre
1875 787 2146 845 faciendo
2199 805 2333 844 con-

200 889 291 940 (10)
313 880 476 937 stans
523 877 772 952 apparet
817 874 1100 948 sensibus,
1144 877 1236 933 uti
1279 876 1345 933 in
1390 876 1763 935 cantionibus
1804 871 1813 954 Ι
1854 895 1989 934 cum
2032 875 2335 934 flectentes

311 985 517 1026 vocem
551 965 903 1024 varietatem
947 965 1198 1023 facimus
1240 964 1680 1024 modulationis.
1752 966 1959 1040 itaque
2003 965 2336 1023 intervallis

317 1075 386 1113 ea
437 1073 571 1112 cum
616 1057 903 1128 versatur,
959 1056 1020 1112 et
1063 1053 1218 1111 unde
1272 1053 1516 1111 initium
1568 1054 1711 1111 fecit
1759 1057 1819 1112 et
1863 1053 1966 1111 ubi
2011 1054 2188 1113 desiit
2234 1073 2335 1129 ap-

232 1165 285 1204 10
311 1145 484 1219 paret
537 1143 600 1200 in
655 1161 932 1202 sonorum
976 1142 1321 1218 patentibus
1367 1141 1761 1216 finitionibuS,
1814 1142 2089 1200 mediana
2136 1145 2340 1200 autem

312 1233 564 1290 latentia
608 1231 938 1290 intervallis
985 1231 1388 1290 obscurantur.

450 1319 680 1379 Genera
732 1340 872 1380 vero
929 1323 1068 1378 sunt
1119 1319 1594 1380 modulationum
1646 1321 1793 1393 tria,
1860 1321 2119 1394 primum
2176 1319 2335 1394 quod

203 1400 325 1491 (15)Ι
361 1407 570 1468 Graeci
623 1401 933 1468 nominant
993 1425 1327 1481 αρμονιαν
1394 1407 1715 1467 secundum
1778 1424 2027 1480 χρωμα,
2091 1407 2338 1465 tertium

315 1499 631 1558 διατονον.
724 1501 814 1558 est
870 1501 1074 1557 autem
1126 1497 1468 1558 harmoniae
1523 1497 1852 1556 modulatio
1906 1497 1979 1555 ab
2027 1499 2156 1554 arte
2202 1514 2338 1553 con-

233 1609 286 1650 15
315 1590 513 1664 cepta,
569 1590 629 1645 et
684 1607 754 1646 ea
806 1607 870 1646 re
925 1589 1124 1646 cantio
1171 1588 1297 1646 eius
1343 1587 1598 1644 maxime
1644 1605 1886 1662 gravem
1934 1588 1993 1644 et
2039 1586 2340 1662 egregiam

311 1676 494 1734 habet
540 1677 970 1735 auctoritatem.
1057 1676 1294 1734 chroma
1342 1675 1549 1759 subtili
1594 1676 1860 1734 sollertia
1908 1693 1977 1733 ac
2022 1673 2338 1732 crebritate

313 1765 687 1823 modulorum
740 1767 1075 1824 suaviorem
1127 1766 1306 1823 habet
1357 1765 1827 1823 delectationem.
1922 1763 2152 1822 diatoni
2196 1781 2338 1821 vero

204 1865 296 1914 ‹2⁰›
317 1852 476 1928 quod
538 1845 850 1934 nalturalis
915 1857 1031 1928 est,
1093 1855 1327 1912 facilior
1383 1856 1473 1912 est
1524 1853 1979 1912 intervallorum
2034 1851 2336 1910 distantia.

315 1942 379 1999 in
421 1942 516 2001 his
559 1941 752 2001 tribus
799 1943 1109 2020 generibus
1146 1943 1461 2003 dissimiles
1499 1944 1638 2001 sunt
1672 1940 2185 2001 tetrachordorum
2221 1941 2339 1999 dis-

236 2052 290 2091 20
316 2031 660 2107 positiones,
697 2032 856 2106 quod
889 2033 1200 2090 harmonia
1236 2032 1683 2091 tetrachordum
1720 2034 1780 2090 et
1816 2034 1989 2090 tonos
2020 2033 2080 2089 et
2108 2030 2338 2089 diheses

317 2120 498 2178 habet
551 2120 737 2179 binas.
828 2120 1045 2179 dihesis
1097 2124 1295 2180 autem
1343 2123 1433 2181 est
1477 2121 1608 2179 toni
1652 2140 1790 2196 pars
1838 2110 2077 2196 quarta,
2132 2120 2221 2177 ita
2275 2121 2341 2177 in

316 2210 642 2268 hemitonio
707 2208 858 2267 duae
921 2210 1150 2269 diheses
1214 2212 1354 2269 sunt
1417 2211 1775 2269 conlocatae.
1876 2209 2167 2268 chromati
2222 2208 2339 2265 duo

209 2310 298 2361 (25)
317 2298 644 2357 hemitonia
679 2298 743 2355 in
772 2297 974 2356 ordine
1004 2302 1143 2358 sunt
1174 2290 1180 2380 Ι
1215 2298 1559 2374 composita,
1594 2299 1841 2357 tertium
1867 2297 2341 2356 trihemitonium

239 2409 292 2448 24
320 2390 410 2447 est
462 2386 863 2446 intervallum.
954 2387 1196 2447 diatono
1251 2390 1381 2447 toni
1437 2388 1552 2447 duo
1610 2390 1749 2446 sunt
1804 2388 2162 2460 continuati,
2222 2389 2340 2443 ter-

182 2486 298 2542 112
317 2478 472 2535 tium
516 2476 906 2534 hemitonium
959 2476 1093 2535 finit
1137 2467 1519 2557 tefltrachordi
1565 2475 2051 2553 magnitudinem.
2144 2476 2231 2533 ita
2279 2476 2343 2533 in

463 2706 494 2752 2
525 2697 623 2752 sed
652 2698 803 2766 quod
832 2697 991 2766 (quid
1019 2716 1071 2752 a.
1101 2716 1144 2752 c.
1178 2699 1248 2767 G)
1275 2700 1356 2753 sic
1381 2717 1436 2753 x.
1465 2699 1484 2769 ΙΙ
1512 2704 1544 2751 3
1572 2696 1761 2767 gravis
1800 2700 1857 2751 et
1885 2698 1971 2768 (sn)
2000 2714 2066 2751 ex
2094 2699 2211 2767 (sic)
2240 2716 2293 2751 a:
2324 2697 2343 2770 ΙΙ

321 2775 353 2823 5
399 2768 774 2823 inmutatione
820 2771 878 2840 (i.
908 2788 950 2823 e.
988 2768 1379 2824 immutatione
1424 2786 1521 2823 sec.
1552 2769 1619 2839 S)
1666 2785 1865 2837 anceps
1900 2787 1956 2823 x.
1990 2770 1998 2839 Ι
2018 2768 2344 2909 ¹finitionem

320 2843 435 2911 (-ne
467 2844 512 2894 (J
527 2842 593 2911 S)
620 2859 661 2895 ω
698 2842 919 2911 (ἱετηειν
959 2844 1147 2922 αὐτὴν.
1173 2843 1259 2895 ἐπὶ
1299 2847 1422 2905 μιᾶς
1456 2843 1664 2893 τάεεω(
1698 2842 2027 2909 1νί3ὒοω..)Ι
2030 2842 2111 2909 16
2149 2840 2343 2894 crebre

321 2913 457 2968 HS
488 2912 679 2966 crebro
716 2912 780 2968 G.
811 2914 830 2981 ΙΙ
859 2918 887 2964 7
920 2928 1069 2965 cum.
1101 2910 1308 2965 circum
1338 2912 1426 2967 GG.
1455 2913 1475 2980 ΙΙ
1502 2916 1534 2965 8
1564 2910 1889 2964 intervalles
1920 2912 1986 2965 H
2010 2842 2061 2965 elt
2088 2928 2139 2965 α.
2169 2928 2211 2965 c.
2244 2910 2345 3049 SA!

323 2990 387 3037 11
417 2982 682 3037 latentia:
711 2982 968 3053 patentia
1005 2982 1280 3053 (potentia
1307 3002 1358 3037 a.
1378 3000 1421 3037 c
1447 2982 1517 3052 G)
1547 2984 1648 3051 515.st
1678 2986 1743 3034 13
1774 2982 2086 3036 armoniam
2114 2984 2155 3052 (-
2159 2998 2193 3035 a
2224 2983 2276 3038 G

319 3057 399 3109 sic
435 3062 485 3109 et
521 3059 608 3109 16.
636 3058 714 3108 22
741 3062 834 3109 etc.
881 3071 1015 3109 arm.
1051 3056 1154 3123 x)
1231 3054 1542 3108 .chroma
1619 3052 1933 3108 .diatonon
1968 3072 2024 3108 x.
2080 3056 2098 3123 ΙΙ
2155 3058 2223 3106 14
2270 3052 2343 3105 ab

322 3128 444 3179 arte
477 3125 553 3179 G.
593 3126 667 3179 ad
703 3128 824 3179 arte
852 3126 1038 3195 (solus)
1066 3124 1133 3179 H
1155 3126 1320 3194 (unde
1346 3126 1422 3179 ad
1450 3126 1571 3178 arte
1600 3095 1654 3191 S,
1694 3125 1766 3178 ab
1796 3126 1915 3178 arte
1942 3124 2093 3193 LP).
2124 3127 2141 3193 ΙΙ
2171 3128 2237 3176 15
2276 3140 2345 3177 ea

321 3212 381 3250 re
417 3196 606 3251 cantio
650 3197 835 3266 G(S‘2):
883 3213 952 3249 ca
995 3196 1244 3250 recantio
1283 3196 1407 3251 HS.
1450 3199 1470 3266 ΙΙ
1511 3200 1576 3249 19
1624 3195 2050 3250 tetrachordarfi
2086 3196 2203 3263 (sic)
2243 3194 2295 3248 S
2326 3194 2345 3266 ΙΙ

324 3273 391 3321 20
439 3268 772 3338 (harmonia)
825 3267 1267 3323 tetrachordum.
1325 3268 1548 3321 -dorum
1592 3270 1674 3337 (-ι“ι
1716 3267 1843 3336 GS)
1894 3269 2091 3321 iterum
2134 3282 2175 3318 x
2218 3266 2341 3333 (del

323 3344 391 3392 A
433 3340 780 3407 Wilmawns)
824 3340 831 3406 Ι
875 3338 1084 3393 dihesis
1124 3340 1210 3406 H,
1266 3338 1475 3392 diheris
1516 3338 1585 3405 G,
1641 3338 1813 3391 diesis
1853 3339 1895 3392 S
1936 3336 2137 3418 (dieses
2179 3335 2287 3406 G0.)
2324 3336 2345 3408 ΙΙ

323 3415 389 3462 21
431 3409 602 3464 diesis
639 3428 693 3464 ω.
749 3411 769 3479 ΙΙ
822 3415 888 3462 22
926 3410 1233 3465 heminotio
1266 3412 1340 3464 H.
1386 3410 1395 3482 Ι
1445 3409 1614 3463 diesis
1646 3410 1773 3476 HS,
1812 3407 2021 3461 dihesis
2054 3411 2101 3458 G
2140 3406 2343 3476 (dieses

327 3481 434 3550 Gk).
490 3483 510 3550 ΙΙ
564 3487 631 3534 23
678 3480 1125 3536 trihemitonium
1169 3482 1489 3551 (Perraultk
1542 3480 1715 3534 trium
1758 3452 2199 3533 hemitoniorum
2234 3496 2287 3532 ω.
2326 3477 2347 3550 ΙΙ

324 3556 394 3604 24
431 3551 661 3606 diatono
697 3551 843 3606 toni.
883 3552 1099 3606 diatoni
1135 3570 1190 3607 x.
