2664 3927
800 182 896 236 DE
935 181 1498 238 ARCHITECTURA
1535 182 1670 239 LIB.
1708 179 1806 253 VI,
1842 189 1874 236 3
2225 185 2351 249 139

215 345 304 398 (10)
325 333 588 392 collicias
629 328 638 412 Ι
679 333 754 391 ab
801 334 1036 412 angulis
1082 333 1381 410 parietum
1427 334 1502 393 ad
1548 335 1799 411 angulos
1833 335 2138 412 tignorum
2170 335 2353 395 inter·

323 425 650 498 currenteS,
713 423 861 481 item
915 423 1207 483 asseribus
1267 423 1709 484 stillicidiorum
1764 425 1828 482 in
1881 423 2143 483 medium
2198 445 2355 485 com-

321 511 596 587 pluvium
640 512 918 570 deiectuS.
991 513 1055 570 in
1093 513 1401 574 corinthiis
1445 512 1637 572 isdem
1680 513 2011 573 rationibus
2058 514 2256 574 trabes
2294 517 2357 573 et

323 599 662 676 compluvia
709 602 1110 676 conlocantur,
1156 602 1259 660 sed
1307 621 1342 660 a
1386 601 1715 678 parietibus
1765 602 1962 662 trabes
2016 603 2354 669 recedentes

268 711 294 751 ⁵
321 688 386 748 in
441 689 849 749 circumitione
903 691 1060 750 circa
1123 691 1425 750 columnas
1488 694 1938 766 componuntur.
2037 687 2355 768 tetrastyla

214 791 302 842 (15)
325 782 466 837 sunt
512 797 662 855 quae
709 779 988 838 subiectis
1035 779 1145 838 sub
1187 774 1195 858 Ι
1236 779 1504 838 trabibus
1542 780 1930 857 angularibus
1968 781 2257 840 columnis
2295 783 2355 840 et

320 868 652 926 utilitatem
706 867 972 928 trabibus
1029 872 1090 927 et
1141 868 1489 928 firmitatem
1540 872 1876 944 praestant,
1942 869 2099 946 quod
2162 889 2353 947 neque

321 957 488 1032 ipsae
533 977 816 1034 magnum
862 957 1154 1034 impetum
1199 959 1494 1034 coguntur
1536 957 1776 1024 habere¹
1807 977 1999 1036 neque
2046 958 2119 1017 ab
2172 960 2353 1018 inter-

321 1044 584 1122 pensivis
633 1048 967 1105 onerantur.
1042 1046 1407 1122 displuviata
1453 1049 1656 1105 autem
1701 1049 1840 1106 sunt
1884 1049 1949 1107 in
1995 1047 2207 1123 quibus
2254 1049 2350 1108 de·
2391 1061 2421 1108 2

242 1158 296 1197 10
325 1135 546 1210 liquiae
594 1154 790 1194 arcam
835 1135 1196 1196 sustinentes
1243 1135 1553 1194 stillicidia
1596 1135 1867 1194 reiciunt.
1958 1136 2105 1196 haec
2158 1137 2352 1196 hiber-

214 1238 302 1289 (20)
324 1223 550 1282 naculis
579 1226 834 1284 maxime
862 1227 1172 1301 praestant
1207 1225 1521 1299 utilitates,
1552 1223 1713 1301 quod
1744 1215 1753 1305 Ι
1785 1225 2123 1300 compluvia
2151 1245 2354 1287 eorum

325 1315 520 1371 erecta
564 1331 682 1372 non
730 1313 971 1374 obstant
1014 1313 1339 1372 luminibus
1383 1313 1795 1372 tricliniorum.
1870 1313 1973 1372 sed
2018 1333 2087 1372 ea
2131 1314 2356 1375 habent

323 1401 387 1458 in
441 1401 860 1463 refectionibus
913 1404 1254 1462 molestiam
1307 1421 1616 1479 magnam,
1672 1402 1833 1478 quod
1888 1403 2046 1462 circa
2092 1404 2353 1478 parietes

324 1490 629 1550 stillicidia
674 1492 994 1551 defluentia
1050 1493 1359 1551 continent
1402 1491 1666 1566 fistulae,
1722 1510 1874 1567 quae
1919 1510 2039 1551 non
2086 1493 2355 1551 celeriter

243 1586 294 1641 15
321 1580 618 1655 recipiunt
677 1600 746 1639 ex
802 1580 1104 1641 canalibus
1162 1599 1381 1657 aquam
1435 1579 1817 1655 defluentem,
1880 1581 2084 1656 itaque
2138 1581 2351 1640 redun-

211 1682 303 1730 (25)
323 1668 532 1728 dantes
577 1671 928 1747 restagnant
973 1672 1034 1728 et
1078 1671 1431 1729 intestinum
1478 1673 1539 1728 et
1581 1670 1839 1746 parietes
1895 1670 1957 1728 in
2004 1669 2087 1729 eis
2129 1664 2137 1748 Ι
2178 1689 2351 1747 gene·

321 1757 484 1816 ribus
533 1758 936 1818 aedificiorum
982 1761 1391 1834 corrumpunt.
1464 1759 1833 1818 testudinata
1868 1777 2008 1819 vero
2055 1758 2140 1817 ibi
2182 1758 2353 1835 fiunt,

321 1845 424 1903 ubi
468 1865 590 1905 non
636 1849 775 1906 sunt
818 1848 1077 1922 impetus
1123 1849 1328 1926 magni
1376 1851 1436 1906 et
1479 1849 1544 1907 in
1582 1847 2126 1926 contignationibus
2173 1867 2352 1924 supra

323 1935 620 2010 spatiosae
665 1936 993 1995 redduntur
1035 1937 1454 1998 habitationes
1502 1943 1511 1950 '

241 2048 294 2087 20
456 2023 766 2083 Atriorum
801 2045 941 2085 vero
987 2026 1337 2085 latitudines
1380 2046 1447 2085 ac
1492 2026 1895 2104 longitudines
1941 2026 2132 2086 tribus
2178 2046 2352 2105 gene·
2390 2040 2421 2085 3

181 2125 292 2180 141
322 2104 502 2193 rilbus
548 2114 896 2173 formantur.
973 2118 1032 2174 et
1075 2116 1337 2191 primum
1382 2134 1567 2193 genus
1604 2115 1981 2175 distribuitur
2025 2116 2119 2175 uti
2162 2116 2352 2194 longi·

320 2200 465 2260 tudo
513 2221 647 2261 cum
692 2203 754 2261 in
793 2204 1053 2279 quinque
1096 2207 1300 2281 partes
1338 2204 1531 2264 divisa
1574 2205 1775 2281 fuerit,
1820 2208 1941 2265 tres
1976 2208 2177 2281 partes
2213 2206 2351 2263 lati·

320 2291 517 2349 tudini
563 2291 794 2367 dentur,
840 2293 1093 2351 alterum
1141 2313 1273 2352 cum
1319 2294 1384 2352 in
1428 2296 1551 2353 tres
1595 2296 1797 2369 partes
1834 2294 2153 2369 dividatur,
2200 2294 2352 2353 duae

322 2383 523 2456 partes
569 2380 879 2439 latitudini
923 2382 1280 2457 tribuantur,
1326 2384 1572 2441 tertium
1617 2384 1706 2441 uti
1754 2383 2012 2441 latitudo
2057 2383 2121 2441 in
2168 2383 2351 2459 quad-

183 2484 245 2533 (5)
257 2484 308 2523 25
319 2472 453 2528 rato
499 2461 760 2551 parilbus
805 2470 1092 2531 lateribus
1139 2470 1508 2530 describatur
1551 2471 1731 2547 inque
1778 2490 1847 2530 eo
1896 2472 2187 2547 quadrato
2223 2472 2349 2530 dia-

320 2559 528 2635 gonios
593 2558 752 2618 linea
816 2558 1084 2634 ducatur,
1149 2562 1210 2618 et
1273 2562 1563 2635 quantum
1626 2561 1888 2637 spatium
1949 2560 2227 2620 habuerit
2281 2580 2351 2619 ea

319 2648 479 2705 linea
508 2646 838 2725 diagoniOS,
865 2650 1040 2706 tanta
1065 2648 1381 2725 longitudo
1412 2649 1565 2708 atrio
1595 2649 1783 2708 detur.
1858 2649 2114 2709 altitudo
2144 2668 2347 2709 eorum
2384 2662 2418 2707 4

321 2739 550 2812 quanta
605 2736 864 2796 latitudo
919 2736 1103 2795 fuerit
1149 2740 1365 2812 quarta
1412 2737 1653 2814 dempta
1702 2738 1811 2797 sub
1857 2738 2055 2797 trabes
2103 2739 2348 2797 extolla-

319 2828 445 2901 tur,
516 2824 748 2912 reliquo
820 2826 1263 2885 lacunariorum
1329 2829 1389 2885 et
1453 2846 1625 2886 arcae
1690 2846 1868 2903 supra
1932 2827 2129 2886 trabes
2192 2828 2349 2887 ratio

237 2936 291 2976 30
319 2914 625 2973 habeatur.

466 3125 494 3173 1
516 3120 948 3175 intercurrentes
972 3122 1050 3177 G:
1079 3120 1426 3175 incurrentes
1446 3120 1574 3176 HS.
1617 3123 1636 3191 ΙΙ
1678 3125 1709 3173 3
1738 3121 1989 3175 deiectus
2009 3121 2077 3175 H
2082 3121 2347 3191 S(Nohz):

321 3188 522 3245 deictis
555 3192 608 3247 G
642 3191 899 3262 (deiectis
932 3194 1041 3263 G0).
1093 3194 1102 3263 Ι
1154 3190 1443 3247 corinthiis
1476 3193 1552 3248 G:
1590 3191 1724 3246 -thii
1752 3193 1878 3249 HS.
1925 3196 1935 3261 Ι
1981 3192 2200 3246 hisdem
2236 3210 2291 3247 ω.
2330 3192 2351 3264 ΙΙ

319 3266 354 3315 4
381 3262 572 3317 trabes
599 3266 808 3331 (traues
829 3264 921 3332 H)
949 3270 1077 3319 ante
1103 3281 1240 3320 corr.
1267 3280 1367 3318 om.
1391 3263 1444 3319 S.
1473 3265 1493 3333 ΙΙ
1520 3269 1551 3317 5
1580 3263 1884 3333 terrastyla
1911 3263 1989 3318 H.
2018 3265 2038 3333 ΙΙ
2068 3268 2134 3315 10
2162 3262 2347 3317 hiber-

319 3332 564 3389 naculis:
601 3333 663 3388 in
697 3334 1080 3390 tabernaculis
1110 3336 1164 3391 S.
1195 3338 1212 3406 ΙΙ
1241 3339 1306 3388 11
1347 3335 1629 3389 maximae
1658 3336 1746 3391 H:
1786 3352 1931 3389 -mas
1962 3333 2077 3390 GS.
2113 3334 2121 3405 Ι
2154 3349 2347 3394 earum

317 3421 374 3459 x.
404 3407 423 3474 ΙΙ
453 3410 518 3458 15
559 3422 790 3474 aquamz
829 3422 1001 3475 quam
1038 3414 1164 3462 ante
1201 3424 1339 3461 corr.
1370 3405 1446 3461 H.
1471 3408 1503 3477 ,ΙΙ
1540 3412 1607 3460 25
1645 3406 1943 3476 diagonius
1970 3422 2025 3459 ω.
2064 3406 2084 3475 ΙΙ
2121 3410 2187 3457 27
2227 3404 2348 3459 dia-

320 3474 636 3617 goniiHng,
669 3476 759 3530 -ni
791 3476 856 3531 G.
887 3480 906 3547 ΙΙ
933 3482 1000 3531 28
1037 3476 1309 3533 latitudo:
1348 3476 1643 3548 longitudo
1680 3496 1735 3533 x.
1776 3479 1795 3548 ΙΙ
1832 3482 1897 3531 29
1935 3473 2214 3544 reliquum
2254 3476 2349 3543 (G,

320 3563 459 3614 -quu
664 3565 720 3601 ιτ.
