2664 3927
344 188 475 252 248
1185 185 1516 242 VITRU'VII

343 338 504 397 basis
568 341 722 397 esset
783 358 820 396 a
873 340 1174 398 vestutate
1237 337 1535 413 diffracta,
1597 340 1925 396 metuentes
1986 357 2060 396 ne
2124 338 2357 396 caderet

348 447 416 486 ea
457 422 465 506 Ι
507 430 705 486 statua
751 431 812 486 et
846 428 1235 505 frangeretur,
1278 427 1625 486 locaverunt
1661 445 1730 484 ex
1767 427 1986 485 eisdem
2021 426 2356 502 lapidicinis
2375 437 2442 491 (⁵)

345 517 538 575 basim
574 516 967 575 excidendam.
1023 515 1307 574 conduxit
1344 515 1587 590 quidam
1621 514 1929 574 Paeonius,
1977 515 2122 574 haec
2159 519 2359 574 autem

345 605 506 664 basis
566 607 696 663 erat
752 605 932 682 longa
988 604 1168 679 pedes
1226 602 1558 680 duodecim,
1618 605 1742 661 lata
1799 604 1976 680 pedes
2036 623 2174 680 vm,
2232 606 2357 663 alta

345 694 522 769 pedes
561 712 677 752 sex.
739 712 917 769 quam
952 692 1246 752 Paeonius
1284 693 1476 770 gloria
1511 694 1699 751 fretus
1736 712 1857 752 non
1890 693 1985 751 uti
2018 693 2356 772 Metagenes
2414 712 2443 753 5

349 782 714 858 adportavit,
772 780 873 840 sed
929 781 1134 840 eadem
1178 781 1410 840 ratione
1458 781 1575 840 alio
1622 800 1834 858 genere
1880 781 2189 841 constituit
2234 799 2355 840 ma-

243 887 312 935 14
350 871 584 929 chinam
628 871 835 928 facere.
879 865 887 948 Ι
928 873 1090 930 rotas
1139 871 1294 929 enim
1341 871 1574 929 circiter
1616 870 1834 946 pedum
1878 889 1960 929 xv
2003 871 2147 929 fecit
2192 874 2253 929 et
2292 871 2357 927 in
2377 881 2472 932 (10)

243 1684 311 1733 15

346 959 440 1018 his
485 959 632 1017 rotis
670 959 869 1035 capita
904 957 1121 1035 lapidis
1157 959 1419 1034 inclusit,
1464 958 1672 1018 deinde
1711 960 1866 1018 circa
1900 958 2161 1034 lapidem
2195 961 2357 1017 fusos

348 1047 704 1106 sextantales
759 1046 835 1106 ab
888 1052 1020 1107 rota
1076 1048 1150 1106 ad
1205 1051 1400 1106 rotam
1454 1048 1531 1106 ad
1583 1048 1867 1106 circinum
1922 1048 2219 1125 compegit
2267 1047 2358 1105 ita

346 1137 437 1194 uti
489 1137 654 1195 fusus
711 1155 748 1194 a
801 1137 933 1196 fuso
989 1155 1108 1195 non
1153 1137 1402 1196 distaret
1444 1137 1654 1213 pedem
1697 1135 1814 1195 nisi
1858 1157 2057 1194 unum.
2150 1135 2359 1195 deinde
2388 1156 2445 1195 ιο

349 1225 502 1284 circa
547 1226 709 1284 fusos
745 1227 947 1284 funem
983 1225 1237 1284 involvit
1273 1229 1334 1284 et
1368 1225 1563 1284 bubus
1598 1225 1815 1284 iunctis
1850 1226 2053 1283 funem
2088 1223 2358 1283 ducebat.

346 1313 434 1372 ita
489 1333 622 1373 cum
673 1306 1082 1396 explicalretur
1125 1313 1405 1373 volvebat
1448 1317 1609 1372 rotas
1622 1359 1637 1390 ,
1692 1314 1795 1372 sed
1837 1333 1955 1372 non
2000 1316 2238 1389 poterat
2282 1312 2361 1370 ad
2380 1323 2473 1376 (15)

347 1404 568 1462 lineam
611 1402 712 1463 via
755 1405 918 1462 recta
964 1403 1174 1462 ducere
1219 1397 1320 1462 sed
1368 1403 1565 1461 exibat
1607 1404 1672 1460 in
1713 1421 1894 1461 unam
1938 1405 2186 1478 partem.
2271 1402 2361 1460 ita

347 1510 581 1551 necesse
628 1494 756 1550 erat
799 1510 999 1550 rursus
1045 1491 1431 1550 retroducere.
1523 1492 1608 1550 sic
1650 1491 1945 1550 Paeonius
1991 1491 2252 1550 ducendo
2300 1492 2363 1548 et

346 1580 676 1640 reducendo
721 1580 1035 1656 pecuniam
1081 1580 1379 1655 contrivit,
1424 1582 1492 1638 ut
1536 1579 1614 1638 ad
1650 1578 1996 1639 solvendum
2032 1599 2152 1639 non
2189 1581 2359 1638 esset.
2390 1599 2445 1639 15

478 1669 771 1729 Pusillum
817 1671 983 1727 extra
1026 1668 1373 1745 progrediar
1418 1671 1478 1726 et
1522 1669 1593 1727 de
1637 1669 1730 1728 his
1775 1668 2111 1744 lapidicinis
2159 1687 2359 1743 quem-

350 1750 680 1840 adlmodum
718 1757 839 1816 sint
873 1759 1148 1816 inventae
1186 1775 1490 1834 exponam.
1545 1756 1872 1817 Pixodarus
1906 1759 2106 1816 fuerat
2138 1758 2359 1833 pastor.
2380 1769 2474 1820 (20)

347 1849 399 1904 is
451 1847 517 1904 in
558 1846 652 1905 his
696 1847 842 1906 locis
885 1844 1248 1905 versabatur.
1342 1865 1477 1904 cum
1524 1848 1722 1904 autem
1766 1846 1922 1905 cives
1968 1845 2363 1921 Ephesiorum

349 1935 680 2012 cogitarent
731 1936 938 1994 fanum
982 1934 1212 1995 Dianae
1267 1955 1337 1995 ex
1382 1954 1675 1994 marmore
1719 1936 1913 1995 facere
1960 1934 2362 1994 decernerent-

351 2043 464 2098 que
521 2043 555 2082 a
608 2024 762 2083 Paro
809 2024 1187 2084 Proconneso
1230 2024 1521 2084 Heraclea
1567 2024 1762 2083 Thaso
1816 2025 1906 2083 uti
1960 2043 2219 2082 marmor
2271 2044 2361 2081 re·
2393 2045 2451 2084 20

347 2115 666 2187 peteretur,
709 2113 1004 2188 propulsis
1052 2114 1259 2173 ovibus
1294 2113 1623 2173 Pixodarus
1668 2114 1733 2171 in
1774 2114 1980 2173 eodem
2014 2114 2145 2171 loco
2182 2131 2361 2188 pecus

348 2192 674 2282 pascelbat,
725 2200 925 2275 ibique
980 2201 1096 2260 duo
1153 2202 1368 2261 arietes
1422 2203 1579 2261 inter
1632 2221 1695 2262 se
1750 2204 2159 2262 concurrentes
2206 2201 2361 2259 alius
2382 2211 2474 2264 (25)

350 2289 533 2347 alium
573 2284 582 2368 Ι
621 2289 1054 2365 praeterierunt
1107 2293 1168 2349 et
1219 2291 1449 2366 impetu
1501 2291 1660 2351 facto
1706 2310 1857 2351 unus
1904 2290 2179 2350 cornibus
2224 2310 2355 2365 per·
2378 2300 2501 2357 252

349 2378 534 2437 cussit
588 2379 823 2452 saxum,
883 2398 953 2437 ex
1012 2397 1128 2455 quo
1189 2383 1386 2439 crusta
1446 2379 1860 2439 candidissimo
1917 2381 2112 2438 colore
2166 2379 2364 2438 fuerat

349 2465 592 2525 deiecta.
680 2468 768 2525 ita
810 2466 1139 2527 Pixodarus
1193 2468 1412 2527 dicitur
1456 2487 1594 2529 oves
1640 2470 1704 2527 in
1748 2467 2046 2527 montibus
2090 2467 2363 2543 reliquis·
2392 2490 2448 2529 25

349 2573 410 2613 se
466 2558 526 2613 et
583 2559 840 2614 crustam
897 2556 1113 2616 cursim
1157 2558 1485 2632 Ephesum,
1537 2576 1672 2616 cum
1728 2558 1981 2616 maxime
2040 2557 2112 2614 de
2172 2575 2241 2615 ea
2296 2575 2363 2615 re

350 2648 642 2721 ageretur,
688 2644 983 2704 detulisse.
1055 2647 1146 2705 ita
1191 2646 1397 2704 statim
1438 2641 1445 2724 Ι
1485 2646 1734 2705 honores
1780 2647 2165 2705 decreverunt
2209 2644 2265 2703 ei
2302 2648 2365 2703 et
2383 2658 2449 2708 (5)

348 2752 563 2792 nomen
619 2737 1002 2793 mutaverunt
1058 2737 1127 2792 ut
1183 2754 1290 2810 pro
1349 2734 1641 2793 Pixodaro
1696 2735 2035 2811 Euangelus
2094 2734 2363 2792 nomina-

494 2979 521 3026 1
562 2973 614 3027 d.
653 2974 700 3027 ὣ
747 2977 880 3028 met.
907 2992 961 3029 ω.
996 2974 1005 3046 Ι
1037 2974 1263 3029 caderet
1291 2974 1335 3030 S
1358 2976 1447 3044 (=
1474 2975 1571 3045 L):
1610 2974 1833 3030 cederet
1860 2975 1929 3028 H
1936 2975 1987 3030 G-
2023 2974 2255 3043 (caderet
2289 2990 2363 3029 sc.

350 3061 414 3098 ea
439 3050 626 3099 statua
653 3061 815 3113 quam
839 3046 1036 3111 „divus
1053 3046 1375 3117 Auywstuffl
1402 3044 1659 3116 Ephesiis
1684 3048 1992 3102 restituerat
2027 3054 2159 3100 twnc
2184 3047 2365 3101 denuo

347 3116 623 3186 eriyenda,
656 3131 754 3170 sec.
784 3115 934 3169 Ptin.
963 3120 1053 3184 34,
1073 3118 1147 3170 58
1173 3118 1242 3185 ef.
1272 3116 1525 3173 Strabon.
1554 3128 1668 3168 XIV
1681 3136 1741 3187 p.
1774 3120 1898 3172 637.
1929 3118 2073 3186 640).
2102 3118 2121 3185 ΙΙ
2150 3121 2180 3168 3
2209 3119 2281 3186 (et
2307 3118 2365 3185 5)

347 3185 617 3255 paeonius
634 3203 689 3240 x.
718 3188 738 3255 ΙΙ
763 3192 798 3239 4
827 3205 935 3239 .xn.
960 3185 1075 3242 ΘΒ.
1102 3189 1122 3257 ΙΙ
1150 3194 1181 3242 9
1211 3190 1495 3242 sextantes
1512 3206 1568 3244 x.
1596 3191 1615 3257 ΙΙ
1646 3194 1712 3242 10
1736 3188 1880 3259 pede
1908 3203 2030 3241 esse
2053 3189 2143 3256 (ῖὲἔ
2161 3188 2228 3257 S)
2246 3192 2365 3240 unt-1

347 3272 403 3310 x.
433 3258 451 3324 ΙΙ
481 3261 544 3309 11
575 3256 657 3310 et:
684 3259 750 3309 ut
775 3273 830 3311 ω.
865 3257 872 3327 Ι
905 3256 1188 3311 ducebant
1213 3276 1266 3313 ω.
1298 3261 1316 3328 ΙΙ
1348 3264 1414 3312 14
1440 3258 1709 3329 paeonius
1738 3261 1863 3329 (hic)
1890 3258 1960 3311 H
1968 3260 2038 3326 G,
2060 3258 2295 3328 peonius
2324 3258 2373 3314 S

352 3326 640 3395 (paeonius
673 3328 780 3397 Gc).
808 3328 827 3395 ΙΙ
857 3332 923 3380 15
951 3328 1285 3384 contricavit
1310 3348 1365 3385 x.
1396 3333 1415 3401 ΙΙ
1442 3336 1510 3383 20
1545 3332 1773 3399 proco(n
1800 3331 2031 3400 S)ness0
2058 3348 2113 3387 x.
2148 3333 2156 3400 Ι
2190 3328 2366 3383 thasii

227 3460 234 3468 ,
352 3396 420 3448 Η
424 3396 494 3463 G,
531 3398 624 3451 sed
656 3397 824 3451 thasu
861 3400 978 3469 (sic)
1008 3398 1060 3453 S.
1121 3405 1129 3467 Ι
1187 3416 1401 3455 marmo
1421 3402 1429 3475 Ι
1446 3401 1673 3471 rep&at’
1701 3402 1786 3457 H:
1824 3416 2098 3455 marmore
2134 3402 2369 3472 petatur

355 3463 471 3517 GS.
526 3467 544 3533 ΙΙ
598 3472 666 3519 23
701 3468 985 3536 petierunt
1023 3471 1110 3525 GC.
1175 3472 1193 3540 ΙΙ
1256 3476 1325 3524 24
1366 3472 1573 3528 fuerat:
1618 3475 1697 3528 sic
1732 3490 1773 3528 x
1818 3474 1907 3543 (cf.
1938 3474 2117 3541 praef.
2156 3473 2236 3527 ed.
2268 3489 2364 3541 pr.

343 3547 405 3595 p.
447 3544 527 3582 VH
551 3542 695 3605 not).
725 3542 743 3607 ΙΙ
772 3544 836 3591 25
873 3539 1182 3609 reliquias&
1200 3540 1208 3613 Ι
1227 3546 1471 3597 crustam
1502 3543 1570 3596 H
1588 3546 1721 3612 (non
1749 3544 1892 3613 GS).
1922 3546 1941 3613 ΙΙ
1968 3548 2035 3595 28
2073 3545 2140 3596 ut
2175 3560 2274 3598 om.
2304 3560 2363 3597 x.
