2664 3927
645 185 741 240 DE
781 184 1342 241 ARCHITECTURA
1376 184 1509 240 ΜΒ.
1549 184 1643 252 VI,
1681 192 1729 241 3.
1770 193 1819 242 4.
1860 192 1891 239 5
2150 186 2276 251 143

255 336 615 397 adiectiones
659 336 825 411 fiant,
871 337 963 395 uti
1006 355 1128 397 non
1171 335 1487 397 dissimiles
1534 338 1689 396 veris
1746 337 2104 413 symmetriis
2150 357 2279 414 per-

254 426 531 485 ficiantur
573 427 933 486 venustates,

387 515 446 574 N
445 533 561 574 unc
607 513 1031 590 explicabimus
1081 513 1293 589 quibus
1341 514 1805 592 proprietatibus
1862 533 2078 593 genera
2124 514 2282 573 aedi·
2312 523 2388 576 IV

254 603 522 663 ficiorum
569 603 643 662 ad
689 621 862 662 usum
908 606 969 662 et
1014 602 1164 662 caeli
1206 603 1477 680 regiones
1526 607 1663 680 apte
1702 603 1954 663 debeant
1999 606 2281 679 spectare.

205 713 229 752 5
256 692 502 751 hiberna
573 692 835 751 triclinia
899 692 961 749 et
1030 691 1335 750 balnearia
1398 694 1475 751 ad
1540 694 1902 754 occidentem
1972 692 2284 752 hibernum

151 793 236 841 (15)
259 784 542 858 spectent,
585 776 592 859 Ι
633 780 766 840 ideo
805 781 963 855 quod
999 781 1340 856 vespertino
1384 782 1608 842 lumine
1647 801 1794 860 opus
1833 785 1923 842 est
1958 781 2067 856 uti,
2110 800 2282 858 prae-

256 875 420 930 terea
468 870 626 945 quod
663 869 845 928 etiam
881 869 970 928 sol
1007 869 1276 928 occidens
1314 870 1595 930 adversus
1631 871 1853 930 habens
1892 870 2284 948 splendorem,

257 960 517 1018 calorem
556 951 865 1016 remittens
902 957 1087 1017 efficit
1120 959 1459 1034 vespertino
1494 963 1761 1036 tempore
1797 961 2101 1037 regionem
2134 959 2285 1035 tepi-

175 1031 192 1048 ⁶
259 1049 499 1108 diorem.
601 1045 872 1106 cubicula
935 1050 996 1106 et
1057 1046 1468 1122 bybliothecae
1533 1047 1608 1107 ad
1673 1049 1960 1108 orientem
2019 1051 2285 1125 spectare

178 1159 230 1198 ιο
261 1136 501 1210 debent,
565 1154 707 1194 usus
775 1136 932 1194 enim
988 1137 1352 1194 matutinum
1405 1137 1673 1212 postulat
1726 1138 1951 1213 lumen,
2014 1138 2161 1196 item
2222 1137 2288 1195 in

146 1237 240 1288 (20)
259 1224 652 1300 bybliothecis
708 1224 847 1283 libri
901 1243 1022 1284 non
1061 1219 1079 1307 Ι
1111 1227 1469 1301 putrescent.
1561 1244 1703 1284 nam
1758 1244 2162 1302 quaecumque
2209 1225 2286 1284 ad

259 1313 568 1372 meridiem
613 1316 674 1372 et
720 1313 1085 1373 occidentem
1131 1317 1422 1388 spectant,
1468 1314 1542 1373 ab
1578 1314 1756 1373 tineis
1804 1317 1865 1372 et
1898 1332 2103 1374 umore
2146 1313 2288 1372 libri

259 1403 570 1476 vitiantur,
626 1402 786 1478 quod
830 1403 996 1463 venti
1049 1403 1236 1462 umidi
1293 1402 1672 1462 advenientes
1717 1405 2034 1478 procreant
2078 1421 2179 1461 eas
2227 1405 2289 1460 et

259 1492 430 1550 alunt
473 1491 967 1567 infundentesque
1003 1492 1236 1551 umidos
1273 1493 1519 1568 spiritus
1554 1492 1785 1567 pallore
1820 1492 2125 1552 volumina
2164 1509 2287 1550 cor-

176 1601 228 1642 15
257 1584 558 1656 rumpunt.
674 1581 938 1640 triclinia
1001 1600 1184 1640 verna
1257 1584 1317 1640 et
1389 1581 1761 1640 autumnalia
1833 1581 1910 1639 ad
1984 1581 2288 1640 orientem.
2326 1596 2357 1642 2

147 1682 240 1732 (25)
260 1670 317 1728 ei
389 1671 548 1728 enim
618 1670 943 1746 praetentis
1016 1670 1338 1729 luminibus
1393 1665 1401 1749 Ι
1457 1671 1738 1731 adversus
1811 1669 1953 1729 solis
2030 1668 2288 1745 impetus

259 1759 642 1836 progrediens
689 1759 766 1816 ad
813 1758 1174 1818 occidentem
1221 1759 1405 1818 efficit
1451 1777 1521 1818 ea
1565 1762 1897 1834 temperata
1934 1759 2010 1817 ad
2046 1759 2109 1816 id
2144 1762 2292 1816 tem-

263 1865 374 1923 pus
434 1866 551 1922 quo
605 1847 698 1906 his
755 1847 1000 1906 solitum
1056 1850 1146 1906 est
1199 1849 1306 1906 uti.
1399 1849 1629 1908 aestiva
1683 1848 1761 1906 ad
1810 1848 2290 1925 septentrionem,

117 1946 241 2003 145
265 1935 425 2012 quod
481 1953 551 1994 ea
605 1935 770 2014 regio
829 1953 949 1995 non
1002 1939 1072 1995 ut
1133 1937 1401 2013 reliquae
1464 1956 1573 2014 per
1635 1937 1960 1997 solstitium
1998 1933 2007 2012 Ι
2047 1939 2293 2014 propter

180 2049 236 2088 20
267 2025 524 2085 calorem
561 2024 817 2083 efficitur
854 2028 1144 2100 aestuosa,
1190 2045 1258 2085 eo
1299 2027 1457 2101 quod
1494 2030 1585 2085 est
1622 2044 1827 2087 aversa
1862 2046 1901 2084 a
1938 2026 2080 2085 solis
2118 2044 2291 2085 cursu

266 2133 498 2189 semper
541 2114 894 2191 refrigerata
949 2118 1009 2173 et
1063 2115 1477 2174 salubritatem
1532 2119 1593 2174 et
1635 2117 2009 2191 voluptatem
2062 2115 2127 2173 in
2180 2134 2293 2173 usu

267 2205 551 2280 praestat.
623 2221 742 2261 non
778 2203 973 2262 minus
1010 2204 1431 2280 pinacothecae
1470 2206 1531 2263 et
1564 2205 1997 2279 plumariorum
2032 2204 2293 2262 textrina

265 2293 682 2370 pictorumque
727 2291 1015 2366 officinae,
1064 2294 1156 2351 uti
1201 2295 1425 2353 colores
1474 2312 1676 2353 eorum
1719 2294 1784 2351 in
1829 2312 2004 2369 opere
2050 2294 2295 2369 propter

179 2374 282 2464 (5)Ι
325 2380 724 2440 constantiam
768 2381 1008 2441 luminis
1054 2383 1351 2441 inmutata
1395 2385 1781 2458 permaneant
1828 2382 2139 2458 qualitate.

177 2494 237 2535 25
408 2469 557 2529 oum
611 2470 685 2528 ad
738 2471 1008 2547 regiones
1063 2472 1212 2530 caeli
1265 2472 1354 2530 ita
1400 2491 1469 2529 ea
1515 2472 1738 2530 fuerint
1782 2471 2099 2547 disposita,
2152 2473 2295 2529 tunc
2335 2480 2373 2530 V

273 2560 455 2619 etiam
493 2558 1084 2618 animadvertendum
1121 2563 1212 2619 est
1249 2560 1462 2636 quibus
1499 2559 1829 2619 rationibus
1856 2559 2107 2636 privatis
2138 2559 2294 2618 aedi-

266 2648 420 2707 ficiis
475 2648 719 2723 propria
773 2648 905 2707 loca
958 2648 1231 2724 patribus
1284 2650 1650 2708 familiarum
1695 2652 1756 2707 et
1802 2648 2297 2724 quemadmodum

413 2895 445 2941 3
484 2887 892 2957 explicauimus
927 2908 968 2945 x
1004 2888 1236 2958 (-bimus
1269 2890 1378 2960 (ἴθ’).
1416 2892 1435 2959 ΙΙ
1472 2896 1507 2945 4
1546 2892 1678 2960 apte
1707 2888 1879 2944 Fau:
1919 2891 2136 2971 actaesp
2168 2889 2296 2958 GS)

264 2978 326 3085 ‘g‘
345 2961 950 3101 biblggfflgagfothgggz
979 2962 1497 3117 gwlloeflaloebifflygi'
1527 2966 1591 3087 G?
1589 2960 1987 3101 S)8o‘11³he(coi(sc⁰l)le.
2032 2959 2299 3102 ΙΙΙἈ12αλειῙΙ)Ι

269 3120 429 3175 tiniis
458 3118 528 3173 H
559 3119 653 3189 (ab
690 3119 860 3175 tineis
889 3122 973 3191 S),
1011 3121 1244 3190 abtinl'is
1275 3120 1351 3175 G⁰
1384 3121 1497 3190 (rel.
1528 3122 1661 3175 locis
1686 3120 1842 3175 tinea
1876 3137 2083 3189 semper
2108 3137 2149 3174 ω
2184 3137 2297 3175 exc.

269 3192 418 3246 tinia
455 3194 505 3245 G
537 3196 627 3258 59,
649 3196 685 3246 6
718 3194 819 3247 ubi
850 3195 1008 3247 tenia
1039 3192 1148 3261 ΘΟ).
1212 3195 1221 3261 Ι
1291 3196 1358 3245 15
1396 3190 1670 3247 orientem
1706 3209 1835 3247 cum
1869 3190 1988 3261 (Du
2020 3191 2152 3255 (αἶ’-8)
2186 3208 2242 3245 ω.
2280 3192 2301 3263 ΙΙ

274 3270 340 3317 16
377 3264 574 3336 praeff)
608 3262 898 3333 GS)tenta
933 3281 989 3318 x.
1045 3266 1064 3335 ΙΙ
1120 3268 1184 3317 18
1264 3262 1312 3316 is
1362 3262 1591 3317 solitum
1626 3264 1836 3333 (Fav.):
1884 3278 2022 3333 opus
2070 3261 2299 3316 solitum

274 3352 328 3388 ω.
363 3335 372 3403 Ι
404 3335 478 3388 ad
517 3334 954 3403 septentrionem
982 3334 1118 3391 HS:
1157 3334 1232 3389 ad
1270 3334 1765 3416 septentrionalem
1798 3334 1865 3389 G.
1906 3340 1925 3401 ΙΙ
1968 3338 2033 3386 19
2069 3332 2299 3402 regione

279 3404 347 3459 G.
388 3409 408 3472 ΙΙ
447 3412 518 3461 20
556 3405 795 3461 efficitur
833 3408 1061 3479 estuosa
1092 3407 1154 3462 S:
1195 3405 1515 3460 efficiuntur
1550 3408 1651 3473 (sic
1684 3408 1848 3461 etiam
1882 3405 2061 3473 suppl.
2100 3421 2178 3457 un
2214 3404 2300 3473 S0)

277 3477 574 3533 aestuosae
604 3476 746 3532 HG.
788 3479 798 3545 Ι
839 3492 904 3531 eo
933 3476 996 3532 S:
1037 3494 1105 3531 ea
1133 3478 1198 3531 Η
1208 3478 1276 3533 G.
1318 3479 1338 3547 ΙΙ
1378 3482 1445 3530 22
1483 3476 1729 3531 textrina
1758 3478 1800 3531 S
1824 3478 1911 3545 (=
1942 3476 2040 3545 L):
2081 3475 2299 3530 extrina

281 3545 422 3602 HG.
470 3551 489 3618 ΙΙ
533 3554 603 3602 24
640 3547 960 3602 constantia
997 3549 1067 3603 H
1095 3550 1174 3619 (43
1216 3549 1361 3615 GS).
