2664 3927
341 124 429 189 34
1183 124 1511 179 VITRUVH

341 277 631 351 quattuor
681 274 952 349 partibus
1009 274 1086 333 ad
1139 273 1522 333 altitudinem
1580 274 1839 341 educunt
1899 273 2093 337 medio
2146 277 2355 349 metas,

343 381 491 441 quas
553 363 761 422 fronde
825 366 886 421 et
950 363 1079 422 luto
1150 366 1418 441 tegentes
1486 362 1750 431 efficiunt
1818 363 2127 431 barbarico
2190 382 2353 433 more

267 467 305 514 r>
345 452 712 517 testudinata
765 451 1020 511 turrium
1073 454 1247 521 tecta.
1338 451 1603 529 Phryges
1646 470 1806 533 vero,
1860 451 1967 529 qui
2012 451 2353 527 campestri-

338 540 450 603 bus
487 540 632 599 locis
669 542 808 599 sunt
841 540 1199 614 habitantes,
1233 543 1479 617 propter
1502 540 1768 615 inopiam
1800 540 2086 602 silvarum
2113 543 2352 617 egentes
2642 614 2644 621 .

339 628 624 690 materiae
663 628 892 705 eligunt
935 628 1199 691 tumulos
1245 622 1547 695 naturales
1594 646 1810 705 eosque
1853 627 2077 689 medios
2122 630 2355 689 fossura
2381 648 2407 691 5
2642 622 2644 707 j

341 708 706 799 disltinentes
752 720 813 775 et
855 716 1072 778 itinera
1107 717 1501 803 perfodientes
1538 717 1796 776 dilatant
1832 718 2029 793 spatia
2067 720 2354 794 quantum
2373 728 2460 780 (10)
2642 708 2644 731 ³

337 808 554 871 natura
606 803 725 863 loci
777 805 1026 880 patitur.
1115 805 1361 881 insuper
1416 808 1615 865 autem
1660 805 1892 881 stipites
1944 806 2103 875 inter
2146 824 2207 865 se
2260 825 2350 876 re-

338 894 596 971 ligantes
649 895 838 952 metas
895 892 1186 969 efficiunt,
1243 884 1393 970 quas
1446 893 1873 963 harundinibus
1919 897 1981 953 et
2039 894 2350 961 sarmentis

338 984 604 1059 tegentes
662 985 1021 1059 exaggerant
1076 1000 1256 1058 supra
1307 982 1705 1049 habitationes
1761 1002 1793 1041 e
1846 986 2006 1041 terra
2063 981 2351 1043 maximos

339 1088 596 1146 grumos.
707 1070 795 1129 ita
856 1070 1080 1129 hiemes
1143 1070 1557 1145 calidissimae,
1622 1073 1878 1131 aestates
1940 1070 2353 1149 frigidissimas
2381 1094 2434 1139 10

340 1158 608 1225 efficiunt
668 1161 960 1221 tectorum
1001 1152 1010 1235 Ι
1051 1158 1326 1220 rationes.
1426 1158 1700 1217 nonnulli
1762 1178 1832 1217 ex
1893 1160 2038 1218 ulva
2099 1159 2357 1235 palustri
2372 1171 2460 1224 (15)

339 1250 700 1322 componunt
743 1246 990 1325 tuguria
1034 1250 1208 1307 tecta.
1283 1247 1444 1323 apud
1481 1250 1705 1307 ceteras
1742 1266 1978 1323 quoque
2024 1251 2230 1326 gentes
2276 1248 2353 1307 ad

337 1336 622 1403 nonnulla
675 1336 808 1395 loca
850 1336 984 1411 pari
1029 1336 1324 1411 similique
1369 1335 1601 1397 ratione
1646 1354 1916 1405 casarum
1966 1336 2354 1420 perficiuntur

339 1424 810 1485 constitutiones.
899 1444 1020 1483 non
1063 1424 1258 1482 minus
1306 1423 1489 1484 etiam
1532 1424 1833 1485 Massiliae
1884 1424 2353 1486 animadvertere

337 1530 650 1591 possumus
705 1512 831 1579 sine
885 1512 1133 1589 tegulis,
1196 1512 1443 1571 subacta
1498 1530 1631 1570 cum
1682 1512 1871 1589 paleis
1926 1516 2112 1589 terra,
2174 1516 2349 1572 tecta.
2379 1535 2431 1586 15

336 1601 588 1666 Athenis
607 1599 910 1677 Areopagi
935 1599 1318 1675 antiquitatis
1352 1601 1650 1675 exemplar
1681 1592 1690 1683 Ι
1723 1600 1800 1660 ad
1826 1601 1937 1660 hoc
1962 1605 2193 1677 tempus
2220 1602 2459 1666 11110010)

335 1692 575 1748 tectum.
657 1688 804 1746 item
847 1688 912 1745 in
951 1686 1245 1763 Capitolio
1283 1691 1777 1750 commonefacere
1821 1692 2021 1765 potest
2066 1692 2127 1749 et
2172 1690 2351 1767 signi-

335 1776 511 1836 ficare
565 1794 758 1835 mores
803 1770 1122 1836 vetustatis
1167 1776 1412 1837 Romuli
1466 1796 1603 1836 casa
1658 1781 1719 1836 et
1762 1778 1825 1845 in
1870 1797 2003 1837 arce
2049 1796 2353 1838 sacrorum

261 1879 300 1927 6
341 1864 682 1929 stramentis
725 1866 900 1925 tecta.
985 1865 1074 1923 ita
1118 1865 1211 1925 his
1257 1865 1442 1943 signis
1486 1866 1559 1924 de
1606 1866 1866 1942 antiquis
1910 1866 2351 1931 inventionibus

340 1951 740 2013 aedificiorum
783 1953 868 2013 sic
915 1972 985 2013 ea
1029 1953 1210 2014 fuisse
1246 1954 1669 2016 ratiocinantes
1713 1975 2029 2031 possumus
2073 1956 2350 2030 iudicare.
2380 1981 2433 2030 2⁰

473 2032 657 2124 1011111
703 2045 904 2108 autem
953 2041 1166 2106 cotidie
1208 2043 1481 2103 faciendo
1526 2043 1787 2108 tritiores
1831 2063 2044 2114 manus
2082 2046 2158 2103 ad
2194 2045 2350 2107 aedi·
2370 2059 2457 2110 (25)

207 2160 232 2169 κ
335 2129 634 2200 ficandum
695 2131 1084 2206 profecissent
1147 2134 1208 2190 et
1261 2132 1529 2192 sollertia
1578 2131 1821 2210 ingenia
1876 2133 2192 2204 exercendo
2245 2153 2353 2209 per

338 2217 826 2278 consuetudinem
873 2220 950 2277 ad
995 2223 1152 2288 artes
1196 2221 1619 2296 pervenissent,
1662 2224 1793 2280 tum
1830 2221 2012 2287 etiam
2054 2221 2351 2290 industria

337 2307 401 2363 in
457 2306 684 2366 animos
741 2327 944 2367 eorum
998 2307 1230 2376 adiecta
1281 2309 1533 2385 perfecit
1584 2312 1654 2368 ut
1698 2311 1801 2385 qui
1854 2311 2095 2378 fuenmt
2148 2309 2213 2380 in
2256 2308 2348 2368 his

337 2385 738 2476 studiolsiores
783 2397 982 2455 fabros
1029 2415 1155 2456 esse
1201 2415 1262 2455 se
1305 2397 1743 2473 profiterentur.
1834 2417 1968 2457 cum
2012 2417 2151 2475 ergo
2204 2398 2351 2458 haec
2378 2411 2457 2475 3ss

335 2483 424 2552 ita
468 2483 693 2542 fuerint
735 2485 926 2562 primo
974 2486 1298 2552 constituta
1345 2489 1405 2544 et
1448 2489 1665 2546 natura
1700 2505 1820 2546 non
1854 2487 2047 2549 solum
2083 2487 2348 2546 sensibus
2378 2512 2429 2554 25

336 2571 666 2639 ornavisset
692 2576 896 2650 gentes
926 2574 1422 2649 quemadmodum
1446 2574 1679 2650 reliqua
1707 2575 2007 2650 animalia,
2034 2576 2139 2634 sed
2167 2575 2351 2634 etiam

335 2660 796 2738 cogitationibus
843 2665 904 2732 et
948 2662 1206 2723 consiliis
1253 2663 1604 2724 armavisset
1646 2667 1872 2734 mentes
1910 2666 1971 2722 et
2006 2663 2351 2727 subiecisset

2642 590 2644 599 ι

2642 600 2644 613 1

479 2837 510 2884 5
547 2831 818 2885 materiae
846 2830 917 2885 H
943 2834 988 2901 (-
991 2849 1020 2903 0
1051 2833 1142 2901 S):
1181 2831 1418 2886 materia
1449 2831 1517 2887 G.
1565 2835 1573 2902 Ι
1617 2833 1836 2886 fossura
1868 2833 1943 2888 G.
1982 2849 2103 2886 -rae
2131 2833 2200 2886 H
2222 2835 2265 2902 (—
2266 2852 2293 2886 r
2296 2836 2347 2906 0)

333 2901 389 2957 S.
435 2904 454 2971 ΙΙ
503 2907 535 2955 6
583 2901 894 2956 detinentes
930 2919 986 2956 ω.
1032 2904 1040 2971 Ι
1086 2904 1359 2970 quantum
1393 2903 1459 2957 H
1468 2902 1530 2960 S
1586 2902 1919 2972 inquantum
1958 2903 2025 2958 G.
2073 2907 2091 2974 ΙΙ
2138 2909 2170 2957 8
2207 2920 2347 2973 quas

337 2973 464 3028 GS.
503 2989 616 3040 qua
644 2973 721 3028 H.
763 2975 782 3042 u
826 2978 856 3025 9
896 2973 1315 3042 exaggerabant
1350 2990 1403 3028 ω.
1438 2974 1447 3043 Ι
1478 2921 1847 3029 habitationis
1875 2975 1946 3028 H
1974 2977 2118 3044 (-nes
2148 2974 2349 3046 GS).11

337 3048 404 3096 10
449 3059 666 3096 crumos
701 3061 757 3098 x.
809 3043 816 3114 Ι
871 3043 1104 3098 aestatis
1132 3045 1202 3098 H
1259 3046 1377 3098 -tes
1407 3044 1556 3113 GS).
1611 3047 1629 3114 ΙΙ
1685 3050 1748 3098 11
1792 3045 2044 3099 efficiunt
2074 3045 2197 3100 GS.
2244 3044 2349 3099 -cit

334 3114 410 3168 H.
453 3116 474 3196 ΙΙ
520 3119 584 3167 12
621 3113 834 3194 tiguria
869 3122 996 3169 ante
1031 3132 1168 3170 corr.
1265 3115 1318 3186 ,Ι
1352 3115 1426 3168 ad
1463 3115 1685 3171 Prauoz:
1724 3118 1785 3170 et
1818 3116 1904 3186 (81)
1941 3135 1995 3172 x.
2030 3118 2049 3186 ΙΙ
2088 3122 2153 3170 16
2192 3132 2347 3170 areo-

327 3184 469 3254 pagi
506 3184 640 3240 HS:
680 3183 836 3254 ariop
839 3201 935 3255 agi
918 3186 1018 3241 ’G
1043 3187 1062 3255 ss
1092 3191 1158 3240 18
1195 3159 1503 3240 vetustates
1531 3186 1602 3241 H
1621 3189 1663 3254 (-
1664 3186 1740 3240 tis
1772 3187 1916 3257 GS).
1946 3190 1965 3258 ΙΙ
1993 3193 2056 3241 21
2095 3185 2345 3240 tritiores

335 3255 462 3310 GS³
506 3203 836 3336 (tristioresp
849 3263 975 3311 ante
1021 3274 1129 3312 ras,
1165 3257 1256 3327 S)·
1303 3256 1529 3311 tritores
1559 3256 1634 3310 H.
1696 3258 1715 3328 ΙΙ
1772 3263 1838 3310 22
1887 3257 2253 3327 profecissent
2282 3256 2349 3311 S’

334 3325 453 3402 (qui
489 3333 539 3380 et
575 3325 956 3380 edificantium
991 3335 1156 3384 antea
1189 3344 1289 3382 scr.
1319 3344 1429 3397 pro
1456 3325 1531 3380 ad
1568 3327 1737 3396 aed.)·
1774 3333 1931 3400 pper(
1934 3328 2219 3398 >fecissent
2244 3328 2342 3400 (11.1

334 3391 394 3452 111
396 3394 562 3460 genia
589 3396 722 3454 HS.
755 3397 859 3449 n-ii
887 3397 955 3452 G.
984 3399 1004 3468 ΙΙ
1031 3402 1097 3450 25
1127 3414 1249 3453 0880
1276 3415 1335 3452 80
1364 3399 1505 3460 He
1455 3400 1545 3466 (00
1572 3399 1651 3467 80)
1680 3399 1744 3455 S:
1776 3416 1895 3454 esse
1894 3348 1993 3458 PG
2021 3402 2041 3470 ΙΙ
2070 3405 2135 3464 26
2165 3397 2347 3506 solum

333 3410 434 3512 H
410 3461 600 3533 S(G)
637 3465 764 3532 plus
797 3468 862 3521 G.
