2664 3927
705 159 803 214 DE
839 157 1398 214 ARCHITECTURA
1432 159 1564 213 LIB.
1603 157 1671 228 V,
1711 163 1792 213 11.
1833 166 1897 213 12
2184 159 2305 222 127

288 309 446 368 letae
503 326 612 385 per
667 309 916 369 hiberna
974 312 1244 385 tempora
1307 309 1371 367 in
1437 309 1612 368 tectis
1680 309 1889 368 stadiis
1948 313 2309 370 exercentur.

287 397 553 474 proxime
600 402 801 457 autem
845 401 1087 474 xystum
1131 401 1192 457 et
1237 397 1533 474 duplicem
1584 399 1881 474 porticum
1931 398 2312 475 designentur

288 487 656 562 hypaethroe
685 486 1134 561 ambulationes,
1174 505 1322 562 quas
1354 485 1566 546 Graeci
1594 487 2088 561 παραδρομιδας,
2124 487 2312 546 nostri

173 586 267 638 (15)
287 578 463 651 xysta
509 576 844 651 appellant,
900 575 965 633 in
1025 593 1171 651 quas
1231 594 1341 651 per
1390 575 1647 634 hiemem
1694 569 1703 655 Ι
1754 594 1824 634 ex
1877 577 2049 652 xysto
2104 594 2309 634 sereno

231 683 258 725 5
288 664 453 724 caelo
527 664 790 722 athletae
861 663 1220 739 prodeuntes
1293 667 1649 723 exercentur.
1757 664 2037 723 faciunda
2110 666 2311 722 autem

286 755 462 828 xysta
507 753 592 812 sic
635 751 915 812 videntur
957 754 1026 809 ut
1081 752 1201 812 sint
1244 752 1404 811 inter
1452 753 1597 812 duas
1652 754 1915 829 porticus
1972 753 2158 812 silvae
2205 755 2312 811 aut

286 841 640 917 platanones
702 843 762 899 et
818 841 882 898 in
938 840 1032 899 his
1095 839 1481 915 perficiantur
1541 842 1697 900 inter
1751 842 1987 901 arbores
2042 841 2309 900 ambula-

286 929 479 989 tiones
550 929 751 1005 ibique
825 948 896 988 ex
969 947 1145 1004 opere
1217 928 1449 1005 signino
1524 931 1826 990 stationes.
1928 933 2067 1007 post
2137 933 2311 1006 xysta

288 1021 495 1077 autem
539 1017 800 1076 stadium
849 1017 939 1076 ita
992 1016 1316 1094 figuratum
1361 1021 1430 1076 ut
1482 1020 1712 1094 possint
1753 1019 2059 1077 hominum
2104 1019 2310 1094 copiae

112 1119 209 1172 (so)
224 1121 280 1161 10
289 1125 425 1166 cum
465 1097 473 1186 Ι
513 1107 868 1187 laxamento⁸
899 1106 1156 1165 athletas
1203 1109 1497 1165 certantes
1544 1110 1827 1182 spectare.

421 1193 585 1263 Quae
631 1196 695 1253 in
739 1194 1048 1254 moenibus
1103 1195 1435 1254 necessaria
1488 1193 1843 1254 videbantur
1888 1213 2013 1255 esse
2056 1199 2125 1254 ut
2170 1198 2309 1271 apte

287 1283 692 1362 disponantur,
737 1284 1070 1361 perscripsi.
1146 1283 1216 1341 de
1264 1283 1712 1360 opportunitate
1766 1286 1967 1342 autem
2012 1287 2294 1358 portuum
2310 1295 2415 1350 XII

286 1390 406 1430 non
453 1375 543 1432 est
585 1372 1200 1449 praetermittendum,
1245 1372 1349 1432 sed
1396 1371 1608 1448 quibus
1654 1371 1986 1430 rationibus
2026 1373 2310 1430 tueantur

284 1479 468 1520 naves
511 1461 578 1520 in
618 1462 670 1520 is
719 1463 793 1520 ab
839 1460 1293 1536 tempestatibus
1342 1460 1769 1536 explicandum.
1859 1460 1923 1517 hi
1970 1462 2171 1518 autem
2206 1478 2308 1518 na-

140 1559 266 1615 129
285 1541 582 1632 tulraliter
626 1550 678 1608 si
715 1553 836 1610 sint
870 1551 1017 1609 bene
1054 1549 1238 1626 positi
1271 1548 1651 1625 habeantque
1688 1549 1981 1608 acroteria
2017 1549 2140 1608 sive
2175 1568 2309 1623 pro-

203 1661 256 1700 16
283 1640 586 1698 muntoria
631 1640 1056 1714 procurrentia,
1101 1659 1172 1697 ex
1211 1638 1425 1714 quibus
1459 1639 1749 1698 introrsus
1788 1640 2139 1697 curvaturae
2178 1638 2302 1696 sive

283 1746 564 1786 versurae
610 1748 680 1786 ex
725 1727 842 1788 loci
884 1730 1100 1786 natura
1135 1728 1359 1785 fuerint
1396 1728 1817 1801 conformatae,
1860 1727 2149 1785 maximas
2187 1725 2307 1784 uti—

282 1814 486 1874 litates
531 1816 808 1875 videntur
846 1817 1078 1875 habere.
1153 1817 1374 1876 circum
1411 1817 1569 1874 enim
1602 1815 1869 1892 porticus
1908 1816 2030 1875 sive
2066 1813 2309 1874 navalia

203 1915 265 1967 (5)
286 1906 428 1962 sunt
467 1897 476 1982 Ι
515 1904 788 1962 facienda
834 1905 956 1965 sive
1003 1923 1074 1962 ex
1117 1904 1441 1981 porticibus
1490 1905 1687 1965 aditus
1733 1903 1809 1962 ad
1852 1903 2135 1980 emporia,
2178 1905 2303 1962 tur-

201 2014 256 2055 20
283 2011 495 2068 resque
543 2012 612 2051 ex
656 1996 908 2069 utraque
962 1996 1132 2069 parte
1193 1994 1615 2069 conlocandae,
1670 2013 1741 2053 ex
1796 1994 2008 2070 quibus
2063 1995 2308 2053 catenae

286 2080 521 2140 traduci
564 2101 673 2157 per
715 2083 1018 2142 machinas
1063 2084 1309 2159 possint.

422 2170 529 2227 Sin
583 2173 786 2229 autem
837 2190 957 2230 non
1009 2171 1345 2230 naturalem
1396 2171 1596 2230 locum
1648 2190 1839 2247 neque
1892 2171 2173 2230 idoneum
2226 2170 2303 2228 ad
2339 2188 2370 2234 2

285 2258 538 2317 tuendas
593 2259 666 2317 ab
722 2260 1173 2335 tempestatibus
1227 2278 1409 2319 naves
1462 2260 1840 2319 habuerimus
1854 2304 1869 2334 ,
1922 2262 2011 2318 ita
2064 2259 2304 2319 videtur

176 2360 266 2411 (ιο)
286 2366 414 2407 esse
459 2338 817 2430 falciendum
861 2350 950 2407 uti
997 2350 1047 2407 si
1101 2349 1332 2407 nullum
1374 2349 1593 2407 flumen
1637 2349 1701 2406 in
1744 2349 1839 2407 his
1883 2349 2028 2408 locis
2073 2348 2301 2423 inpedi-

205 2458 257 2499 25
287 2437 402 2495 erit
447 2436 551 2495 sed
595 2436 710 2495 erit
765 2457 835 2497 ex
887 2456 1007 2495 una
1061 2440 1234 2513 parte
1293 2438 1503 2513 statio,
1566 2439 1711 2495 tunc
1766 2457 1837 2496 ex
1892 2438 2081 2496 altera
2133 2437 2304 2513 parte

285 2526 600 2584 structuris
659 2526 782 2585 sive
839 2525 1152 2603 aggeribus
1209 2526 1597 2601 expediantur
1652 2544 2013 2603 progressus.
2107 2528 2167 2585 et
2218 2525 2308 2583 ita

285 2614 741 2674 conformandae
786 2618 1072 2690 portuum
1107 2614 1525 2674 conclusiones,
1598 2634 1703 2673 eae
1739 2617 1939 2673 autem
1975 2616 2307 2673 structurae

432 2861 459 2908 1
513 2855 712 2909 stadiis
749 2856 838 2911 H:
895 2854 1096 2908 studiis
1142 2852 1355 2908 HcSG.
1415 2854 1424 2920 Ι
1474 2860 1601 2922 post
1655 2856 1981 2907 exercentur
2033 2856 2220 2909 subdit
2263 2870 2304 2908 x

286 2944 334 2981 v.
375 2929 592 2981 15—-18
619 2926 910 2981 Faciunda
937 2958 1004 2965 —
1035 2923 1320 2979 stationes.
1362 2923 1381 2993 ΙΙ
1418 2929 1449 2977 3
1487 2923 1857 2995 hypaethroe:
1896 2925 2058 2995 hyp&
2082 2927 2139 2979 et
2168 2926 2303 2993 G)ro

289 3012 388 3051 eae
418 2997 564 3066 HG,
599 2998 891 3068 hyp8noee
921 2997 973 3052 S.
1025 2999 1032 3066 Ι
1081 2992 1509 3066 paradromidas
1538 2996 1605 3049 H
1610 2996 1666 3063 S,
1701 2996 2047 3064 parathromi
2089 3014 2151 3050 as
2184 2996 2250 3051 G.
2286 2994 2308 3068 ΙΙ

286 3090 321 3137 4
356 3087 523 3154 xysta.
559 3088 678 3157 (sic)
705 3104 760 3141 x.
799 3089 818 3156 ιι
856 3092 888 3139 5
927 3085 1126 3140 ausae
1154 3084 1234 3152 H,
1272 3067 1499 3155 adl'ethg
1529 3084 1582 3139 s.
1623 3084 1835 3138 athlete
1868 3085 1933 3139 G.
1968 3086 1976 3155 ι
2008 3084 2301 3138 faciunda=

285 3157 366 3210 sic
399 3173 454 3212 x.
483 3158 502 3225 ΙΙ
530 3163 562 3211 6
598 3158 718 3228 xy(i
749 3158 912 3225 G)sta
943 3175 998 3211 x.
1027 3159 1047 3227 ΙΙ
1077 3161 1106 3209 7
1143 3154 1477 3225 platanones
1517 3157 1597 3211 et:
1636 3154 1795 3225 plata
1830 3172 1945 3210 non
1982 3155 2117 3209 ess&
2154 3153 2306 3236 (HS,

287 3228 384 3281 &t
415 3228 485 3296 G)
512 3245 567 3282 x.
597 3230 615 3298 ΙΙ
643 3234 674 3281 8
703 3228 926 3299 signino
955 3227 1102 3282 HG:
1133 3226 1419 3296 signorum
1445 3228 1559 3296 (sed
1584 3229 1648 3281 in
1673 3244 1741 3281 m.
1770 3229 1886 3297 ipse
1912 3226 2005 3280 vel
2032 3225 2304 3295 signmos)

286 3298 340 3354 S.
401 3297 410 3366 Ι
467 3300 693 3367 xystum
735 3318 791 3353 x.
854 3301 873 3368 ΙΙ
933 3303 1000 3351 10
1047 3296 1292 3351 athletas
1334 3298 1459 3354 GS:
1498 3297 1743 3352 athl&an
1780 3297 1857 3352 H.
1917 3299 1936 3377 [Ι
1999 3301 2065 3349 14
2100 3296 2175 3351 is:
2213 3294 2303 3349 his

285 3386 340 3424 x.
375 3370 383 3438 Ι
414 3368 489 3422 Hi
519 3369 598 3425 G:
634 3368 717 3423 hii
745 3370 807 3423 H
818 3369 999 3451 S(G⁶).
1037 3371 1056 3438 ΙΙ
1095 3373 1160 3422 15
1199 3371 1347 3438 (item
1372 3370 1549 3438 infra)
1583 3371 1973 3437 promunturia
2000 3368 2144 3435 HG,
2178 3383 2305 3436 pro—

286 3439 602 3493 munctoria
639 3441 692 3496 S.
747 3442 766 3510 ΙΙ
822 3446 889 3493 18
927 3439 1200 3494 sivenalia
1236 3440 1326 3508 H,
1373 3440 1423 3494 si
1457 3440 1685 3495 venalia
1720 3440 1778 3507 S,
1824 3437 1941 3492 sive
1986 3436 2142 3491 nalia
2183 3438 2249 3493 G.
2286 3437 2305 3509 ΙΙ

290 3516 356 3563 19
397 3510 470 3564 ad
507 3528 608 3565 om.
637 3528 691 3566 x.
733 3513 752 3581 ΙΙ
793 3516 859 3564 27
900 3527 1000 3565 eae
1028 3511 1163 3567 HS:
1201 3511 1308 3566 hae
1342 3512 1409 3569 G.
