2664 3927
331 200 462 264 302
983 200 1058 254 Μ.
1099 199 1263 254 CETI
1298 197 1703 253 FAVEN'I'INI

331 354 390 409 et
433 352 685 408 utuntur
728 349 1089 409 viridissimo
1127 349 1339 408 colore.
1412 349 1561 408 haec
1596 351 1797 407 autem
1834 349 2115 407 infectiva
2154 349 2376 424 appel-

329 441 546 497 lantur.
636 441 881 514 propter
924 439 1191 514 inopiam
1243 438 1457 497 coloris
1503 437 1685 496 simili
1730 437 1906 497 modo
1954 440 2177 496 cretam
2226 438 2371 496 seli-

329 529 563 588 nusiam
599 528 723 586 sive
761 527 1098 586 anulariam
1131 527 1288 586 vitro
1330 527 1662 601 miscenteS,
1708 526 1868 601 quod
1906 525 2118 585 Graeci
2157 543 2367 586 ιεατιν

331 620 566 691 vocant,
612 615 1047 674 imitationibus
1094 615 1362 674 efficiunt
1404 615 1588 674 indici
1636 616 1908 675 colorem.

64 699 374 792 ἓξὲξ-ἓξ
529 697 534 786 Ι
569 703 860 773 Quoniam
897 704 973 762 ad
1011 722 1212 764 omnes
1250 723 1390 763 usus
1436 721 1680 762 normae
1725 704 1881 762 ratio
1928 703 2229 763 subtiliter
2274 705 2521 767 in-5(1o)

98 807 324 846 ventione·
388 797 569 853 venta
596 793 848 868 videtur,
885 793 1010 852 sine
1040 811 1160 868 qua
1195 793 1345 851 nihil
1380 793 1614 852 utiliter
1647 792 1777 851 fieri
1802 795 2019 869 potest,
2046 793 2158 851 hoc
2175 793 2371 852 'modo

63 877 369 981 {22391131535
387 884 502 941 erit
529 881 912 956 disponenda.
977 885 1288 941 sumantur
1311 881 1519 957 itaque
1547 884 1668 941 tres
1687 882 1955 958 regulae,
1991 883 2079 940 ita
2109 883 2177 939 ut
2210 880 2370 940 duae

191 980 196 986 '
259 961 270 982 '
383 972 504 1041 sint
539 969 758 1046 pedum
792 969 998 1029 binum
1045 974 1106 1029 et
1143 971 1325 1029 tertia
1369 970 1591 1029 habeat
1632 970 1812 1046 pedes
1858 971 2004 1029 duos
2050 970 2258 1030 uncias
2306 989 2370 1029 x.

329 1079 434 1119 eae
479 1059 721 1137 regulae
769 1059 1006 1135 aequali
1045 1059 1435 1118 crassitudine
1474 1059 1837 1135 compositae
1875 1059 2151 1118 extremis
2192 1077 2369 1118 cacu-
2637 1119 2638 1122 ,

329 1139 584 1207 minibus
619 1138 626 1229 Ι
658 1148 983 1224 iungantur
1020 1149 1256 1208 schema
1290 1149 1576 1208 facientes
1613 1149 1854 1225 trigoni.
1917 1148 2001 1207 sic
2027 1147 2132 1206 fiet
2168 1149 2368 1223 perite
2380 1158 2542 1210 100⁵)
2637 1135 2639 1184 }

333 1243 542 1296 norma
589 1237 934 1312 composita.
2637 1267 2638 1280 κ

64 1323 232 1414 ΧξΠΧΙ·
292 1321 361 1386 ΡΘ
519 1326 713 1384 Multa
739 1327 1024 1402 variaque
1053 1345 1272 1403 genera
1309 1329 1447 1386 sunt
1481 1326 1941 1404 horologiorum,
1978 1324 2082 1384 sed
2108 1324 2371 1400 pelecini
2637 1389 2639 1398 ἱ

66 1387 369 1469 ὶυεῗῖἷιιῖίῗιῖο.
391 1417 452 1474 et
477 1415 814 1490 hemicyclii
840 1416 1032 1492 magis
1061 1418 1270 1490 aperta
1299 1417 1361 1473 et
1388 1415 1687 1490 sequenda
1714 1415 1871 1474 ratio
1890 1414 2143 1474 videtur.
2201 1414 2371 1489 pele-

101 1510 168 1602 (ᾖ
195 1499 313 1594 ζξὶῒξ·
390 1506 587 1563 cinum
643 1504 800 1562 enim
844 1504 1219 1580 horologium
1264 1503 1483 1561 dicitur
1538 1503 1694 1578 quod
1750 1523 1820 1560 ex
1865 1503 2093 1562 duabus
2138 1502 2368 1562 tabulis
2637 1513 2638 1550 ἒ

155 1585 194 1660 ἐν,
221 1608 275 1658 8).
312 1585 694 1674 ‘marlmoreis
730 1594 826 1652 vel
873 1593 1123 1667 lapideis
1171 1593 1470 1667 superiore
1506 1595 1677 1667 parte
1721 1592 2035 1651 latioribus
2080 1591 2367 1650 inferiore
2378 1603 2533 1656 15(20)
2637 1585 2638 1678 Ι

332 1681 771 1759 angustioribus
819 1681 1208 1756 componitur,
1265 1681 1367 1740 sed
1422 1681 1569 1740 haec
1614 1680 1856 1740 tabulae
1902 1680 2143 1756 aequali
2197 1699 2366 1739 men·
2637 1679 2638 1682 ’

333 1789 471 1830 sura
523 1770 676 1828 fiunt
729 1773 790 1828 et
845 1769 1040 1845 quinis
1094 1769 1268 1828 lineis
1315 1769 1555 1828 directis
1600 1773 1904 1844 notantur,
1959 1773 2029 1828 ut
2074 1769 2367 1846 angulum

330 1860 559 1918 faciant
605 1859 708 1934 qui
753 1862 980 1918 sextam
1024 1859 1233 1917 horam
1280 1859 1559 1936 signabit.
1643 1859 1816 1918 semis
1866 1877 2005 1935 ergo
2054 1859 2193 1917 ante
2238 1858 2367 1933 pri·

331 1958 491 2007 mam
556 1950 616 2006 et
670 1948 845 2007 semis
908 1949 1047 2024 post
1098 1948 1472 2007 undecimam
1527 1947 1888 2024 supplebunt
1941 1967 2031 2005 ΧΠ
2085 1966 2367 2007 numeros

330 2037 627 2095 horarum.
701 2038 802 2097 sed
843 2030 852 2118 Ι
893 2038 1108 2097 iunctis
1146 2038 1477 2113 aequaliter
1522 2040 1662 2095 ante
1708 2040 1769 2095 et
1815 2036 2069 2095 extensis
2115 2036 2523 2111 tabuliS,²⁰(25)

212 2134 221 2142 '
331 2126 395 2184 in
431 2126 651 2203 angulo
689 2144 918 2185 summo
953 2126 1263 2185 iuncturae
1301 2126 1587 2184 circinum
1620 2126 1766 2203 figes
1805 2130 1865 2184 et
1902 2126 2122 2203 angulo
2160 2126 2361 2201 proxi·
2480 2154 2487 2159 ·

331 2235 495 2273 mum
541 2214 825 2272 circulum
869 2206 1088 2296 falcies,
1134 2233 1171 2273 a
1217 2233 1335 2291 quo
1372 2214 1632 2290 primum
1667 2215 1860 2273 lineae
1903 2214 2187 2274 horarum
2220 2232 2359 2289 par·
2380 2221 2501 2279 310

330 2305 480 2363 titae
535 2302 867 2378 aequaliter
911 2306 1210 2362 notantur.
1300 2304 1448 2361 item
1502 2304 1688 2362 alium
1740 2305 2027 2362 maiorem
2074 2302 2362 2361 circulum

333 2392 407 2452 ab
455 2392 661 2451 eodem
704 2395 924 2467 puncto
973 2391 1246 2469 angulari
1291 2393 1492 2468 facieS,
1541 2394 1644 2468 qui
1688 2412 1874 2468 prope
1913 2409 2079 2450 oram
2123 2391 2358 2451 tabula-

331 2501 464 2539 rum
500 2481 780 2558 attingat,
817 2481 892 2539 ad
932 2500 1106 2557 quem
1135 2482 1377 2541 aestivis
1413 2481 1778 2557 temporibus
1808 2480 2118 2559 gnomonis
2146 2480 2359 2539 umbra
2387 2500 2443 2539 25

330 2570 618 2645 pervenit.
727 2570 1026 2629 subtilitas
1067 2563 1076 2651 Ι
1127 2588 1266 2648 ergo
1331 2570 1585 2646 disparis
1649 2589 1959 2629 mensurae
2022 2570 2096 2628 de
2160 2570 2357 2644 spatio
2378 2579 2437 2631 (5)

331 2660 612 2717 horarum
658 2660 1022 2735 expectanda
1067 2677 1186 2718 non
1233 2661 1341 2734 est,
1390 2659 1625 2735 quando
1664 2659 1828 2716 aliud
1863 2659 2055 2717 maius
2095 2662 2155 2717 et
2192 2658 2356 2716 aliud

331 2748 526 2808 minus
571 2749 946 2827 horologium
990 2748 1134 2823 poni
1181 2748 1424 2807 solitum
1468 2747 1760 2821 videatur,
1817 2750 1877 2805 et
1932 2756 2052 2807 non
2098 2746 2354 2821 amplius

331 2857 520 2914 paene
566 2837 639 2895 ab
679 2837 951 2897 omnibus
997 2838 1112 2895 nisi
1160 2840 1348 2911 quota
1393 2836 1471 2895 sit
1516 2836 1708 2895 solum
1752 2836 1979 2911 inquiri
2023 2835 2357 2895 festinetur.

332 2945 590 3005 gnomon
633 2926 838 3001 itaque
884 2926 947 2983 in
994 2926 1214 3002 angulo
1261 2943 1490 2985 summo
1546 2926 1855 2985 iuncturae
1908 2925 2221 3000 paululum
2264 2924 2355 2982 in·
2384 2944 2437 2984 30

333 3016 504 3075 clinis
548 3015 807 3091 ponitur,
856 3014 960 3091 qui
1005 3014 1214 3072 umbra
1260 3032 1369 3074 sua
1404 3014 1579 3074 horas
1620 3005 1629 3095 Ι
1672 3013 1956 3091 designet.
2032 3014 2355 3073 constitues
2376 3022 2461 3076 (1⁰)

332 3106 533 3163 autem
569 3103 862 3181 horologii
897 3106 1132 3179 partem
1170 3122 1287 3179 qua
1324 3103 1614 3161 decimam
1649 3102 1859 3161 horam
1884 3102 2121 3161 notabit
2148 3104 2357 3161 contra

333 3193 619 3272 orientem
674 3192 1199 3268 aequinoctialem,
1263 3192 1419 3251 sicut
1481 3192 1553 3251 de
1618 3192 1901 3266 exemplis
1960 3190 2357 3249 multifariam

334 3281 720 3357 cognoscitur.
792 3280 1168 3358 horologium
1213 3284 1414 3339 autem
1461 3281 1619 3357 quod
1662 3280 2054 3356 hemicyclion
2090 3279 2355 3355 appella-

332 3371 432 3426 tur
477 3369 658 3427 simili
702 3369 878 3427 modo
923 3370 996 3428 de
1041 3369 1240 3445 lapide
1286 3371 1383 3428 vel
1429 3369 1502 3429 de
1546 3388 1839 3429 marmore
1885 3386 2021 3444 unc,
2068 3371 2356 3443 quattuor
2381 3388 2431 3429 35

247 3489 254 3495 ·
332 3455 600 3525 partibus
639 3476 870 3515 sursum
903 3458 1216 3517 latioribus
1244 3458 1403 3516 infra
1432 3457 1869 3537 angustioribus
1903 3449 1911 3539 Ι
1944 3460 2352 3533 componatur,
2371 3467 2454 3518 (1⁵)

333 3538 422 3595 ita
465 3544 534 3599 ut
579 3542 653 3600 ab
701 3548 837 3603 ante
876 3549 936 3604 et
973 3565 1009 3603 a
1044 3550 1213 3622 tergo
1250 3547 1494 3607 latiores
1530 3550 1732 3623 partes
1768 3546 2004 3621 habeat,
2050 3545 2152 3605 sed
2187 3546 2353 3605 frons
