2664 3927
821 177 918 230 DE
955 175 1516 231 ARCHITECTURA
1550 175 1684 230 LIB.
1721 175 1853 229 VIII
2222 175 2343 239 181

328 328 663 387 anulariam
707 329 882 403 vitre,
929 328 1086 403 quod
1134 325 1346 387 Graeci
1393 343 1588 386 ιεατιν
1635 328 1960 403 appellant,
2005 326 2350 402 inficienteS,

326 419 725 477 imitationem
769 418 1000 476 faciunt
1043 417 1225 475 indici
1270 416 1501 475 coloris

462 506 688 576 Quibus
733 506 1065 564 rationibus
1112 508 1173 564 et
1216 506 1393 565 rebus
1441 506 1519 563 ad
1563 504 1994 580 expolitionum
2036 506 2350 565 firmitates
2387 520 2418 568 3

325 590 794 673 (perveniatur)
850 594 1181 670 quibusque
1236 594 1478 653 decoras
1545 596 1819 670 oporteat
1878 594 2007 653 fieri
2068 595 2351 670 picturaS‚

272 702 299 745 5
326 686 473 743 item
528 704 677 761 quas
741 683 1002 742 habeant
1042 679 1051 761 Ι
1092 701 1293 742 omnes
1351 684 1574 743 colores
1627 684 1692 741 in
1747 702 1808 742 se
1861 685 2217 759 potestates,
2279 686 2352 741 ut

325 774 475 831 mihi
536 791 871 833 succurrere
935 772 1136 847 potuit
1197 772 1261 830 in
1324 773 1438 831 hoc
1499 772 1651 830 libro
1713 772 2045 848 perscripsi.
2145 772 2349 848 itaque

327 881 531 922 omnes
590 861 1065 919 aedificationum
1116 862 1508 936 perfectiones
1572 880 1753 936 quam
1814 861 2032 920 habere
2096 860 2352 920 debeant

328 950 838 1027 opportunitatem
900 949 1376 1009 ratiocinationis
1389 995 1404 1023 ‚
1469 954 1696 1025 septem
1749 950 2149 1009 voluminibus
2210 954 2351 1009 sunt

324 1040 531 1098 finitae
545 1084 560 1114 ,
621 1038 958 1115 insequenti
1012 1042 1212 1097 autem
1268 1039 1341 1098 de
1397 1057 1580 1114 aqua,
1643 1039 1696 1098 si
1749 1040 1961 1114 quibus
2026 1039 2172 1099 locis
2231 1058 2349 1097 non

245 1150 300 1188 10
324 1129 525 1203 fuerit,
572 1127 1069 1204 quemadmodum
1114 1128 1454 1187 inveniatur
1499 1131 1560 1185 et
1615 1146 1733 1203 qua
1777 1128 2008 1187 ratione
2050 1122 2058 1209 Ι
2101 1128 2351 1187 ducatur

327 1217 657 1293 quibusque
685 1216 859 1275 rebus
890 1217 939 1275 si
968 1217 1083 1275 erit
1110 1216 1364 1275 salubris
1395 1219 1454 1275 et
1479 1216 1694 1275 idonea
1720 1216 2005 1291 probetur
2029 1217 2349 1292 explicabo.

1126 1472 1552 1481 ———-——-———-

954 1688 1237 1755 LIBER
1283 1688 1702 1755 OCTAVUS.

458 1856 549 1914 De
595 1859 822 1931 septem
868 1856 1234 1931 sapientibus
1273 1856 1488 1915 Thales
1525 1856 1790 1915 Milesius
1840 1856 2104 1915 omnium
2147 1876 2348 1915 rerum
2389 1871 2416 1917 1

325 1944 687 2022 principium
732 1965 954 2022 aquam
1002 1948 1091 2004 est
1134 1945 1453 2022 professuS‚
1498 1944 1837 2005 Heraclitus
1883 1946 2099 2024 ignem,
2145 1946 2348 2024 Mago-

246 2053 300 2094 15
325 2053 459 2091 rum
490 2025 499 2116 Ι
532 2034 863 2095 sacerdotes
901 2053 1120 2109 aquam
1157 2038 1218 2094 et
1252 2035 1470 2112 ignem,
1504 2035 1819 2110 Euripides
1848 2035 2088 2096 auditor
2114 2035 2349 2094 Anaxa-

327 2142 526 2200 gorae,
571 2141 747 2199 quem
790 2123 1211 2199 philosophum
1254 2123 1646 2183 Athenienses
1703 2125 2035 2183 scaenicum
2085 2125 2349 2200 appella-

325 2215 566 2287 verunt,
620 2211 777 2270 'aera
842 2214 903 2270 et
963 2213 1185 2270 terram
1249 2231 1496 2288 eamque
1562 2232 1593 2271 e
1658 2213 2003 2272 caelestium
2070 2213 2349 2272 imbrium

326 2300 807 2376 conceptionibus
852 2299 1270 2359 inseminatam
1313 2302 1474 2360 fetus
1521 2301 1789 2378 gentium
1825 2304 1886 2360 et
1922 2302 2185 2362 omnium
2222 2303 2348 2360 ani-

324 2390 576 2448 malium
638 2391 703 2448 in
766 2390 987 2448 mundo
1051 2391 1478 2465 procreavisse,
1543 2394 1604 2449 et
1668 2410 1820 2466 quae
1885 2411 1954 2448 ex
2019 2410 2090 2450 ea
2153 2394 2350 2451 essent

246 2500 299 2538 20
325 2481 621 2556 prognata
642 2497 800 2538 cum
845 2470 1327 2560 dissolvelrentur
1361 2483 1700 2555 temporum
1735 2481 2086 2538 necessitate
2125 2483 2348 2554 coacta,

325 2568 388 2625 in
444 2568 691 2626 eandem
744 2567 962 2642 redire,
1018 2586 1286 2643 quaeque
1343 2568 1414 2626 de
1471 2587 1602 2626 aere
1657 2571 2042 2626 nascerentur
2085 2569 2230 2628 item
2282 2570 2346 2627 in

325 2657 476 2716 caeli
511 2657 780 2734 regiones
816 2656 1035 2714 reverti
1072 2676 1261 2732 neque
1296 2657 1672 2717 interitiones
1707 2657 1969 2733 recipere
2007 2661 2068 2716 et
2094 2658 2345 2719 dissolu-

188 2753 305 2810 184
322 2745 484 2805 tione
528 2747 767 2804 mutata
820 2745 885 2802 in
932 2763 1063 2802 eam
1105 2745 1365 2805 recidere
1407 2741 1414 2824 Ι
1455 2746 1519 2802 in
1566 2764 1685 2820 qua
1730 2749 1869 2804 ante
1924 2747 2163 2804 fuerant
2209 2766 2345 2823 pro·

322 2835 657 2910 prietatem.
730 2833 1105 2911 Pythagoras
1140 2854 1299 2910 vero,
1346 2833 1751 2910 Empedocles,
1785 2834 2176 2910 Epicharmos
2214 2837 2344 2894 alii-

468 3042 495 3090 1
535 3038 791 3108 vitroque
838 3041 912 3110 (qz
952 3039 1104 3106 HE,
1151 3057 1209 3108 q,
1246 3038 1316 3107 S)
1365 3039 1516 3108 quod
1550 3056 1605 3094 x.
1665 3041 1674 3109 Ι
1733 3038 1983 3094 insallim
2029 3043 2104 3110 (-·1'
2131 3041 2197 3111 S)
2233 3059 2287 3096 ω.
2325 3042 2347 3114 ΙΙ

324 3115 357 3161 3
395 3109 896 3180 addispositionem
932 3109 1217 3164 firmitatis
1263 3111 1364 3178 (sic
1397 3113 1515 3166 sine
1551 3111 1653 3165 lac.
1690 3112 1783 3165 sed
1819 3113 1882 3166 in
1916 3114 2024 3180 fine
2060 3119 2124 3167 ut
2157 3129 2345 3168 versus

327 3180 379 3234 G
414 3183 497 3236 ita
531 3183 709 3252 ipsius
750 3183 879 3250 folii
912 3185 1053 3236 107oe
1081 3181 1171 3252 H)
1207 3198 1249 3235 a:
1284 3183 1442 3250 (corr.
1481 3188 1532 3237 et
1575 3184 1754 3251 suppl.
1790 3182 1976 3252 Nom).
2018 3186 2040 3253 ΙΙ
2082 3189 2111 3236 ’1
2151 3183 2343 3238 aedifi-

322 3250 609 3307 cationum
637 3253 775 3308 HS:
815 3251 1095 3306 edifitiorfi
1135 3253 1202 3308 G.
1258 3253 1277 3321 ΙΙ
1335 3258 1402 3305 10
1440 3253 1676 3307 ducatur
1705 3253 1772 3307 H
1777 3253 1839 3308 S:
1886 3253 2188 3307 inducatur
2220 3252 2289 3308 G.
2325 3254 2348 3327 ΙΙ

325 3327 388 3376 17
429 3339 460 3377 e
489 3322 691 3380 HSG:
730 3323 777 3377 85
804 3324 873 3378 Ε.
921 3326 941 3394 ΙΙ
985 3329 1055 3377 20
1092 3322 1430 3378 necessitate
1467 3325 1598 3380 ES:
1637 3327 1717 3378 -te
1746 3325 1888 3380 HG.
1936 3326 1955 3394 ΙΙ
2001 3330 2066 3377 21
2107 3324 2345 3379 eandem

322 3393 472 3449 EG:
511 3395 709 3448 eadem
737 3394 806 3448 H
810 3394 863 3449 S.
907 3397 917 3463 Ι
957 3394 1028 3449 de
1065 3410 1193 3448 aere
1229 3396 1531 3449 nascentur
1559 3396 1698 3462 EG,
1735 3395 1804 3449 de
1841 3395 2008 3449 hacre
2043 3398 2347 3450 nascentur

323 3463 405 3532 H,
443 3464 511 3518 de
548 3466 658 3519 hac
691 3469 1115 3521 renascerentur
1150 3466 1195 3522 S
1226 3468 1309 3536 (ut
1342 3467 1430 3536 L).
1486 3468 1505 3535 ΙΙ
1560 3471 1626 3519 23
1664 3466 1890 3520 fuerant
1927 3467 2003 3522 G:
2041 3466 2229 3521 fuerat
2264 3468 2346 3534 H,

322 3533 434 3588 fuit
471 3536 523 3590 S.
573 3540 584 3605 Ι
632 3535 1003 3606 proprietates
1047 3537 1112 3593 G.
1170 3540 1189 3608 ΙΙ
1244 3543 1313 3591 24
1351 3536 1636 3607 epi(ephy-
1667 3536 1993 3606 S)charmos
2029 3556 2084 3594 x.
