2664 3927
333 185 417 248 98
764 255 772 266 ,
1178 183 1511 237 vrrnovn

260 347 296 394 4
335 328 543 416 alltera
591 335 814 410 echino,
868 333 1049 393 tertia
1092 332 1544 410 hypotrachelio
1591 353 1727 392 cum
1778 333 2086 409 apophysi.
2179 351 2359 408 supra
2407 331 2475 396 (5)

334 425 637 483 columnas
673 425 872 482 trabes
911 423 1292 499 compactiles
1327 423 1693 497 inponantur
1728 421 2066 480 altitudinis
2103 422 2359 480 modulis

330 513 384 571 is
432 513 535 589 qui
581 533 618 572 a
662 512 1073 589 magnitudine
1122 512 1316 588 operis
1362 511 1844 587 postulabuntur,
1892 529 2113 586 eaeque
2159 511 2363 569 trabes

334 621 465 660 eam
511 602 772 661 habeant
817 601 1288 675 crassitudinem,
1336 603 1563 676 quanta
1600 618 1862 659 summae
1900 600 2205 660 columnae
2244 600 2360 658 erit

331 692 658 766 hypotrach
666 691 863 764 elium,
899 692 960 749 et
994 690 1083 747 ita
1119 690 1240 748 sint
1275 692 1619 764 compactae
1648 688 2032 747 subscudibus
2062 691 2123 747 et
2154 679 2161 770 Ι
2195 707 2355 747 secu·
2369 699 2393 740 5
2406 697 2501 751 (1⁰)

332 779 534 838 riculis
562 783 632 838 ut
659 781 1040 854 compactura
1063 779 1315 837 duorum
1340 779 1663 855 digitorum
1690 777 1951 836 habeant
1976 777 2356 836 laxationem.

335 888 468 927 cum
515 869 673 926 enim
716 868 875 926 inter
909 886 972 926 se
1010 885 1070 926 se
1106 870 1371 944 tangunt
1407 870 1468 925 et
1503 886 1622 926 non
1660 866 2093 941 spiramentum
2130 869 2191 924 et
2225 885 2358 941 per-

334 958 546 1015 flatum
582 957 748 1016 venti
788 956 1102 1032 recipiunt,
1146 956 1693 1014 concalefaciuntur
1738 958 1799 1013 et
1844 955 2114 1013 celeriter
2157 959 2356 1030 putre-

178 1039 188 1050 ’
265 1057 297 1104 5
336 1049 522 1104 scunt.
583 1064 764 1121 supra
791 1045 990 1104 trabes
1021 1048 1081 1104 et
1109 1063 1289 1121 supra
1315 1045 1575 1120 parietes
1604 1044 1961 1102 traiecturae
1989 1044 2359 1104 mutulorum

332 1137 505 1210 parte
541 1153 638 1192 1111
673 1134 1007 1193 altitudinis
1045 1134 1371 1194 columnae
1388 1133 1776 1209 proiciantur,
1814 1133 1961 1219 item
1995 1132 2059 1191 in
2100 1128 2108 1210 Ι
2150 1152 2352 1192 eorum
2364 1144 2418 1183 1⁰
2428 1141 2522 1194 (1⁵)

333 1223 632 1282 frontibus
669 1226 1134 1300 antepagmenta
1168 1223 1448 1299 figantur,
1487 1241 1783 1298 supraque
1810 1224 2166 1298 tympanum
2192 1222 2360 1280 fasti-

337 1312 421 1389 gii
448 1314 747 1371 structura
775 1331 878 1370 seu
907 1312 979 1370 de
1007 1312 1261 1370 materia
1291 1312 1646 1370 conlocetur.
1709 1311 2041 1387 fastigium,
2074 1311 2363 1383 columen,

336 1401 643 1476 cantherii,
687 1402 913 1477 templa
959 1401 1046 1458 ita
1091 1403 1233 1458 sunt
1279 1400 1643 1460 conlocanda
1687 1404 1757 1457 ut
1802 1399 2173 1458 stillicidium
2216 1400 2362 1458 tecti

337 1490 598 1549 absoluti
643 1490 915 1548 tertiario
961 1489 1332 1564 respondeat.

205 1577 336 1632 vm
469 1579 653 1637 Fiunt
698 1581 900 1637 autem
945 1578 1119 1636 aedes
1165 1577 1472 1652 rotundae,
1521 1598 1551 1636 e
1592 1577 1813 1653 quibus
1860 1577 2015 1635 aliae
2055 1580 2360 1652 monopte-
2390 1596 2444 1636 15

334 1686 436 1726 roe
478 1663 486 1745 Ι
527 1668 654 1726 sine
700 1667 850 1724 cella
895 1667 1266 1726 columnatae
1314 1666 1783 1740 constituuntur,
1830 1666 1984 1724 aliae
2028 1666 2361 1741 peripteroe
2380 1675 2474 1727 (2⁰)

337 1757 631 1814 dicuntur.
713 1774 866 1831 quae
912 1755 1038 1813 sine
1084 1755 1236 1813 cella
1279 1754 1449 1830 fiunt,
1494 1754 1758 1813 tribunal
1801 1754 2022 1813 habent
2064 1758 2125 1813 et
2162 1773 2360 1813 ascen-

338 1863 468 1902 sum
528 1864 597 1902 ex
657 1863 764 1903 sua
825 1844 1114 1902 diametro
1168 1843 1385 1902 tertiae
1438 1844 1643 1918 partis.
1734 1843 1978 1918 insuper
2030 1843 2360 1918 stylobatas

337 1934 642 1993 columnae
691 1933 1137 1993 constituuntur
1180 1935 1308 1991 tam
1355 1932 1513 1992 altae
1560 1935 1785 2009 quanta
1832 1932 1907 1991 ab
1945 1933 2220 1992 extremis
2257 1951 2361 2009 pa-

336 2023 591 2081 rietibus
655 2026 746 2081 est
808 2023 1128 2081 diametros
1192 2023 1655 2098 stylobatamm,
1728 2040 1960 2081 crassae
2024 2022 2361 2080 altitudinis
2390 2041 2445 2080 20

338 2130 480 2170 suae
528 2130 663 2169 cum
699 2104 1005 2193 -capiltulis
1063 2113 1122 2169 et
1167 2111 1344 2187 spiris
1392 2111 1671 2169 decumae
1718 2111 1923 2186 partis.
2018 2111 2361 2187 epistylium
2380 2120 2473 2172 (2⁵)

337 2200 533 2259 altum
577 2200 884 2259 columnae
931 2200 1342 2259 crassitudinis
1397 2199 1644 2267 dimidia
1688 2202 1875 2274 parte.
1968 2200 2253 2275 zophorus
2301 2202 2362 2257 et

337 2289 568 2364 reliqua
613 2306 766 2364 quae
810 2281 1072 2370 inlsuper
1114 2289 1506 2363 inponuntur,
1561 2289 1650 2347 ita
1694 2290 1789 2347 uti
1833 2289 1896 2346 in
1941 2307 2011 2345 111
2054 2286 2355 2347 volumine
2379 2288 2496 2343 101

341 2378 411 2436 de
459 2377 815 2454 symmetriis
863 2378 1086 2453 scripsi.

268 2477 300 2525 2
474 2466 579 2525 Sin
615 2468 818 2525 autem
853 2466 1180 2542 peripteros
1219 2485 1289 2523 ea
1327 2466 1490 2525 aedis
1530 2466 1942 2536 constituetur,
1984 2467 2101 2525 duo
2140 2465 2360 2542 gradus
2389 2487 2443 2526 25

340 2606 766 2613 -—-—-—————-—-

486 2696 512 2743 1
555 2689 829 2759 apophysi
868 2690 1003 2755 HS,
1049 2706 1084 2743 a
1124 2689 1269 2758 opisi
1311 2689 1376 2745 G.
1432 2693 1452 2759 ΙΙ
1507 2696 1537 2742 2
1584 2689 1873 2743 columnas
1920 2707 2018 2744 om.
2063 2689 2113 2743 G
2159 2689 2361 2757 (suppl.

346 2762 452 2828 GC).
505 2763 513 2831 Ι
559 2761 901 2831 inponantur
933 2763 999 2814 ut
1043 2777 1078 2814 a
1102 2760 1365 2814 titudinis
1402 2780 1457 2815 x.
1512 2762 1531 2829 ΙΙ
1586 2766 1618 2813 3
1656 2761 1705 2814 is
1751 2760 1848 2829 qui
1888 2777 1947 2815 a:
1991 2760 2079 2813 his
2117 2759 2197 2829 (hi
2237 2766 2364 2814 ante

341 2848 476 2887 corr.
501 2834 566 2901 S)
595 2849 708 2901 qua
733 2850 788 2886 x.
823 2834 831 2901 Ι
861 2832 1296 2900 postulabantur
1321 2850 1378 2888 x.
1413 2834 1420 2903 Ι
1454 2848 1664 2901 eaeque
1695 2832 1761 2886 H
1784 2835 2001 2906 (ecque)
2031 2832 2091 2887 S:
2124 2846 2192 2885 ea
2220 2845 2362 2903 eque

346 2905 410 2958 G.
447 2908 454 2970 Ι
485 2902 676 2957 trabes
715 2902 1057 2972 conpactiles
1093 2906 1377 2973 ponantur
1411 2906 1477 2957 ut
1517 2920 1643 2957 eam
1678 2922 1719 2957 a:
1754 2905 1951 2972 (verbis
1987 2921 2024 2957 a
2060 2904 2363 2957 Lorentzen

341 2976 528 3029 deletis
572 2977 736 3028 etiam
782 2977 1011 3028 alterum
1059 2973 1403 3044 conpactiles
1451 2976 1579 3029 add.
1635 2976 1869 3045 Ussiny).
1926 2976 1945 3043 ΙΙ
2000 2979 2031 3028 5
2078 2971 2364 3027 securiclis

343 3045 412 3099 H
417 3048 482 3111 (ι’,
541 3044 651 3099 -dis
690 3045 744 3099 S.
801 3048 820 3115 ΙΙ
875 3050 906 3097 6
952 3044 1203 3099 habeant
1247 3047 1368 3116 (sic)
1404 3063 1459 3100 x.
1515 3048 1533 3115 ΙΙ
1590 3052 1619 3099 7
1658 3045 1806 3099 inter
1860 3062 1919 3099 se
1973 3046 2217 3114 tangunt
2250 3061 2305 3097 x.
2344 3043 2365 3115 Η
2468 3056 2477 3063 ·

344 3123 404 3169 11
448 3116 728 3170 frontibus
760 3116 812 3171 G
849 3118 919 3183 (et
954 3118 1018 3169 i‘n
1052 3133 1160 3171 ras.
1191 3116 1298 3187 S⁶):
1337 3117 1632 3186 prontibus
1662 3118 1727 3170 H
1733 3116 1786 3171 S.
1820 3119 1829 3185 1
1860 3116 2099 3169 ficantur
2134 3115 2203 3168 H
2232 3116 2364 3183 (non

249 3220 256 3229 ·
347 3186 494 3255 GS).
530 3191 537 3255 1
571 3202 850 3256 supraque
885 3185 946 3239 id
982 3188 1022 3241 t.
1060 3204 1101 3241 x
1136 3187 1216 3256 (id
1255 3189 1355 3242 del.
1398 3190 1595 3257 L'ssiny
1632 3188 1749 3242 coll.
1781 3206 1840 3256 p.
1873 3191 1962 3254 69,
1982 3189 2051 3254 4).
2080 3189 2100 3256 ΙΙ
2130 3191 2194 3239 12
2234 3200 2363 3239 con-

343 3254 573 3311 locetur.
633 3273 911 3327 supraque
940 3274 1068 3311 eum
1096 3259 1248 3326 (HS,
1284 3266 1381 3312 eni
1412 3260 1463 3313 G'-
1490 3261 1586 3313 ubi
1620 3265 1647 3310 ῑ
1682 3262 1743 3311 at
1780 3263 1848 3312 εὖ
1882 3260 1975 3328 ΘΟ)
2002 3256 2295 3329 fastigium
2322 3274 2363 3309 ,τ

345 3329 641 3396 (supraque
663 3345 788 3382 eum
809 3329 909 3383 del.
932 3329 1164 3399 Ussiny).
1195 3332 1212 3398 ΙΙ
1243 3335 1308 3382 15
1328 3332 1688 3398 monopteroe
1711 3372 1721 3383 .
1747 3372 1757 3382 .
1781 3372 1791 3382 .
1812 3328 2127 3398 peripteroe
2144 3328 2259 3397 (sic)
2273 3344 2328 3381 x.
2344 3326 2365 3398 ΙΙ

349 3399 414 3446 18
443 3414 544 3449 sua
575 3399 706 3453 HS:
747 3415 846 3452 suo
877 3399 944 3453 G.
980 3400 987 3467 Ι
1021 3399 1153 3467 sty(i
1185 3399 1515 3469 GS)lobata
1539 3418 1593 3454 x.
1624 3402 1642 3469 ΙΙ
1672 3404 1737 3452 19
1767 3400 2182 3453 constituuntur
2208 3398 2277 3451 H
2283 3398 2360 3453 G:

348 3466 539 3517 -antur
567 3469 619 3521 S.
665 3470 684 3537 ΙΙ
729 3474 793 3521 21
836 3468 1103 3523 decumae
1140 3472 1368 3540 (gsffl
1401 3478 1451 3524 et
1485 3478 1611 3526 ante
1646 3488 1755 3525 ras,
1786 3471 1848 3526 S:
1889 3469 2103 3537 decime
2137 3468 2315 3541 G(S⁰).
2344 3474 2363 3540 ξι

350 3535 416 3581 22
455 3534 753 3601 zophorum
788 3558 842 3591 ω.
879 3541 898 3607 ΙΙ
937 3546 1003 3592 23
1041 3559 1127 3595 111:
1165 3544 1366 3608 quarto
1396 3543 1513 3610 (sic)
1540 3560 1595 3599 x.
1634 3545 1652 3612 ΙΙ
1689 3548 1755 3595 25
1795 3541 2037 3615 ειθ(ς)ᾱθε
2076 3541 2201 3610 (hic)
2234 3558 2289 3596 x.
