2664 3927
337 111 486 186 130'
1181 117 1513 172 vrrrmvn

337 265 346 354 Ι
380 273 708 332 stituantur
753 273 814 330 et
857 269 1244 347 perficiantur
1287 269 1353 328 in
1396 269 1509 328 hoc
1544 267 1845 329 volumine
1886 270 2113 347 scripsi,
2159 270 2519 347 priva-(10)

334 365 534 421 torum
579 363 780 420 autem
825 359 1229 419 aedificiorum
1281 358 1581 418 utilitates
1629 361 1691 421 et
1734 377 1938 418 eorum
1983 359 2381 436 symmetrias

335 449 674 526 insequenti
717 449 1019 509 volumine
1063 447 1483 507 ratiocinabor.

1020 868 1286 934 LIBER
1334 868 1687 936 SEXTUS.

271 1053 297 1099 1
473 1036 816 1113 Aristippus
845 1036 1237 1113 philosophus
1269 1034 1605 1095 Socraticus
1638 1036 1953 1115 naufragio
1984 1056 2118 1096 cum
2145 1037 2379 1096 eiectus
2416 1059 2447 1098 5
2558 1107 2563 1110 ,

343 1119 350 1208 ξ
395 1126 471 1184 ad
525 1125 952 1185 Rhodiensium
1013 1126 1161 1185 litus
1215 1124 1737 1184 animadvertisset
1790 1126 2150 1203 geometrica
2206 1126 2378 1184 sche—
2406 1138 2505 1190 (15)

338 1218 506 1274 mata
551 1214 866 1290 descripta,
913 1215 1337 1274 exclamavisse
1384 1215 1461 1272 ad
1508 1214 1753 1274 comites
1798 1215 1888 1274 ita
1934 1215 2153 1274 dicitur
2198 1209 2381 1274 ebene

339 1322 660 1380 speremuS,
705 1304 1012 1364 hominum
1057 1303 1218 1362 enim
1251 1304 1509 1380 vestigia
1546 1298 1743 1364 video'
1790 1304 2115 1380 statimque
2159 1303 2225 1362 in
2268 1322 2379 1380 op-

337 1395 546 1470 pidum
610 1393 887 1451 Rhodum
951 1393 1256 1452 contendit
1321 1396 1383 1451 et
1445 1396 1608 1452 recta
1672 1393 2051 1470 gymnasium
2114 1393 2377 1469 devenit,

338 1484 539 1559 ibique
587 1483 660 1541 de
705 1481 1083 1558 philosophia
1129 1482 1442 1557 disputans
1478 1481 1819 1541 muneribus
1858 1485 1949 1542 est
1985 1482 2255 1557 donatuS‚
2304 1485 2381 1541 ut
2416 1505 2473 1544 ιο

339 1592 460 1632 non
503 1574 743 1631 tantum
783 1567 790 1649 Ι
833 1589 895 1630 se
942 1574 1182 1631 ornaret
1225 1570 1328 1630 sed
1376 1571 1561 1629 etiam
1606 1571 1693 1630 eis
1739 1571 1843 1646 qui
1877 1591 1998 1630 una
2032 1572 2277 1630 fuerunt
2316 1575 2381 1630 et
2404 1584 2499 1636 (so)

339 1661 626 1720 vestitum
673 1663 733 1718 et
779 1663 976 1718 cetera
1014 1678 1169 1735 quae
1207 1677 1361 1736 opus
1408 1662 1603 1719 essent
1638 1660 1718 1718 ad
1753 1660 1983 1719 victum
2019 1663 2377 1736 praestaret.

342 1771 476 1810 cum
513 1752 716 1807 autem
755 1749 879 1808 eius
917 1750 1164 1808 comites
1199 1749 1265 1807 in
1301 1749 1563 1824 patriam
1590 1748 1811 1808 reverti
1836 1749 2165 1810 voluissent
2190 1749 2379 1808 inter·

341 1841 742 1915 rogarentque
789 1857 928 1897 eum
975 1837 1261 1913 quidnam
1305 1838 1491 1897 vellet
1535 1838 1777 1897 domum
1820 1838 2181 1912 renuntiari,
2229 1841 2379 1898 tunc

343 1929 432 1987 ita
468 1927 778 1987 mandavit
814 1927 1024 2003 dicere,
1063 1926 1351 1987 eiusmodi
1386 1927 1786 2003 possessiones
1826 1929 1887 1987 et
1914 1927 2135 1988 viatica
2170 1927 2378 1989 liberis
2414 1950 2471 1991 15

345 2018 617 2093 oportere
645 2008 869 2098 palrari
897 2036 1050 2092 quae
1080 2018 1263 2075 etiam
1293 2036 1322 2074 e
1352 2018 1666 2095 naufragio
1694 2037 1814 2075 una
1842 2021 2085 2093 possent
2114 2020 2377 2077 enatare.
2402 2030 2495 2082 (25)

275 2121 304 2166 2
344 2124 602 2181 namque
639 2124 710 2163 ea
737 2124 879 2164 vera
916 2106 1216 2182 praesidia
1253 2110 1392 2165 sunt
1420 2106 1581 2165 vitae
1621 2106 1833 2182 quibus
1871 2126 2061 2183 neque
2098 2107 2381 2167 fortunae

343 2198 669 2270 tempestas
711 2193 925 2269 iniqua
980 2213 1170 2270 neque
1223 2194 1595 2271 publicarum
1640 2214 1837 2254 rerum
1881 2196 2138 2258 mutatio
2184 2215 2376 2272 neque

343 2284 487 2343 belli
531 2284 794 2343 vastatio
836 2277 844 2361 Ι
885 2286 1086 2359 potest
1129 2302 1357 2342 nocere.
1430 2304 1549 2343 non
1592 2284 1787 2343 minus
1836 2304 1969 2343 eam
2015 2284 2377 2344 sententiam
2400 2295 2519 2349 132

346 2372 616 2450 augendo
663 2372 1126 2447 TheophrastuS,
1169 2372 1465 2433 hortando
1512 2373 1717 2433 doctos
1774 2374 1975 2449 potius
2022 2392 2147 2433 esse
2195 2393 2377 2449 quam
2409 2396 2466 2435 20

345 2462 629 2537 pecuniae
677 2461 1036 2521 confidentes
1080 2462 1170 2521 ita
1215 2462 1412 2538 ponit,
1460 2463 1700 2521 doctum
1746 2482 1815 2521 ex
1863 2463 2135 2523 omnibus
2182 2463 2380 2522 solum

346 2570 536 2627 neque
582 2551 647 2609 in
692 2550 901 2610 alienis
946 2550 1092 2611 locis
1138 2552 1517 2628 peregrinum
1561 2570 1754 2627 neque
1798 2552 2029 2611 amissis
2066 2552 2378 2611 familiari-

273 2674 278 2679 ·
344 2641 457 2700 bus
505 2643 567 2699 et
609 2640 956 2701 necessariis
998 2635 1006 2719 Ι
1047 2641 1285 2715 inopem
1331 2640 1657 2699 amicorum
1694 2640 1798 2699 sed
1833 2641 1896 2699 in
1935 2641 2096 2700 omni
2133 2642 2378 2700 civitate
2398 2652 2464 2705 (5)

348 2748 474 2791 esse
539 2729 728 2789 civem
791 2728 1183 2806 difficilesque
1245 2730 1522 2789 fortunae
1588 2730 1714 2788 sine
1777 2730 1991 2788 timore
2045 2748 2217 2806 posse
2278 2729 2377 2788 de·

349 2820 570 2895 spicere
618 2838 806 2895 casus„
853 2822 918 2877 at
963 2819 1068 2895 qui
1113 2838 1231 2878 non
1279 2818 1686 2878 doctrinarum
1724 2818 1828 2877 sed
1860 2818 2169 2879 felicitatis
2206 2837 2377 2894 prae·
2410 2857 2466 2897 25

350 2910 516 2968 sidiis
553 2910 795 2985 putaret
841 2927 903 2967 se
942 2927 1066 2968 esse
1103 2908 1415 2981 vallatum,
1461 2907 1677 2967 labidis
1713 2907 2026 2967 itineribus
2063 2907 2382 2967 vadentem

278 3010 310 3058 3
347 3018 466 3058 non
511 2997 718 3057 stabili
763 2996 865 3056 sed
901 2998 1137 3055 infirma
1174 2996 1503 3057 conflictari
1538 2998 1681 3056 vita.
1752 2997 2045 3073 Epicurus
2082 3016 2223 3055 vero
2259 3016 2382 3057 non

493 3208 524 3255 6
562 3200 948 3256 hr0diensium
976 3203 1038 3256 Ε
1059 3204 1192 3271 (non
1225 3204 1314 3273 Θ).
1350 3203 1358 3274 Ι
1392 3202 1681 3257 schemata
1709 3202 1774 3256 H
1810 3204 2081 3271 (scemata
2109 3201 2231 3257 ΕΘ
2245 3202 2286 3255 S
2296 3204 2333 3268 ).

352 3278 384 3325 9
420 3274 620 3327 rodum
649 3272 778 3341 HS,
813 3272 1054 3326 hrodum
1082 3274 1218 3329 ΕΘ.
1252 3277 1262 3343 Ι
1291 3276 1450 3328 'recta
1478 3274 1547 3329 H
1570 3275 1747 3343 (recta
1774 3272 1870 3327 via
1898 3273 1991 3343 S)=
2023 3276 2175 3327 recte
2204 3272 2342 3329 ΕΘ.

355 3348 420 3395 10
455 3347 523 3397 ut
556 3360 671 3398 non
706 3346 954 3397 tantum:
1004 3342 1065 3397 in
1109 3345 1335 3398 tantum
1380 3346 1445 3398 ut
1488 3361 1603 3398 non
1640 3343 1823 3398 solum
1859 3344 1913 3399 S.
1968 3346 1988 3415 ΙΙ
2044 3350 2110 3398 16
2150 3346 2381 3399 enatare

352 3412 413 3465 E
424 3413 499 3469 G:
538 3430 798 3469 enarrare
828 3415 908 3482 H,
944 3414 1248 3484 enavigare
1277 3416 1330 3471 S.
1371 3418 1390 3485 ΙΙ
1426 3420 1497 3469 20
1524 3414 1867 3470 theofrastus
1899 3416 2037 3471 ΕΘ.
2074 3417 2093 3486 11
2130 3420 2197 3468 26
2235 3414 2378 3468 labi-

356 3482 443 3535 dis
472 3484 541 3536 H
545 3485 736 3554 S(G0):
775 3484 982 3556 lapidis
1013 3486 1149 3542 ΕΘ.
1181 3488 1199 3555 ΙΙ
1227 3492 1293 3540 27
1334 3486 1556 3540 stabilis
1585 3486 1654 3541 H
1684 3494 1735 3542 et
1771 3494 1899 3543 ante
1932 3504 2041 3541 raa
2071 3486 2127 3541 S.
