2664 3927
280 685 360 740 VI

370 173 502 237 204
1214 171 1543 228 VITRUVH
1596 181 1625 186 ··

371 342 431 382 se
484 323 701 382 librata
753 342 896 384 esse.
988 324 1286 398 exemplar
1340 326 1542 382 autem
1586 321 1938 382 chorobatae
1978 317 1988 400 Ι
2030 322 2143 380 erit
2184 322 2250 378 in
2298 339 2392 379 ex·
2412 332 2501 384 (20)

369 415 558 479 tremo
603 413 902 472 volumine
949 412 1324 487 descriptum.
1401 415 1461 470 et
1505 410 1555 470 si
1603 411 1715 470 erit
1748 411 2057 487 fastigium
2090 428 2391 486 magnum,

369 501 605 560 facilior
659 503 772 559 erit
825 501 1103 560 decursus
1159 520 1365 576 aquae.
1457 501 1548 559 sin
1604 503 1803 558 autem
1856 499 2172 558 intervalla
2220 502 2393 557 erunt

372 590 671 664 lacunosa,
717 588 1249 649 substructionibus
1297 591 1411 647 erit
1457 588 1930 648 succurrendum.

504 679 733 737 Ductus
789 681 988 736 autem
1041 697 1231 753 aquae
1275 677 1428 736 fiunt
1472 676 1782 755 generibus
1826 677 2043 750 tribus,
2096 677 2241 736 rivis
2287 696 2395 751 per
2422 698 2447 738 ὅ

374 769 606 828 canales
663 768 988 843 structiles,
1043 769 1148 824 aut
1191 766 1407 848 fistulis
1452 766 1743 842 'plumbeis
1756 811 1773 841 ,
1826 784 1929 826 seu
1974 765 2198 824 tubulis
2244 765 2395 823 ficti-

372 857 544 914 libus.
603 850 612 933 Ι
671 873 922 931 quorum
1000 856 1112 914 hae
1194 858 1335 914 sunt
1413 857 1689 918 rationes.
1799 856 1852 913 si
1923 853 2251 930 canalibus,
2326 856 2396 912 ut
2415 867 2502 918 (25)

375 946 671 1003 structura
715 943 823 1002 fiat
863 938 870 1020 Ι
913 964 1091 1019 quam
1137 944 1494 1003 solidissima
1540 945 1848 1019 solumque
1887 943 2005 1003 rivi
2039 942 2397 1001 libramenta
2416 953 2523 1008 207

373 1032 592 1091 habeat
625 1034 915 1109 fastigata
949 1052 1024 1091 ne
1059 1035 1253 1092 minus
1286 1035 1351 1092 in
1379 1036 1655 1092 centenos
1684 1034 1863 1108 pedes
1892 1032 2134 1106 sicilicO,
2170 1051 2395 1106 eaeque

375 1124 709 1180 structurae
773 1123 1250 1181 confornicentur
1311 1125 1381 1180 ut
1440 1122 1681 1180 minime
1742 1122 1832 1180 sol
1896 1140 2114 1197 aquam
2164 1123 2395 1197 tangat.
2424 1143 2476 1182 ιο

376 1230 626 1285 cumque
671 1212 903 1270 venerit
947 1210 1023 1269 ad
1067 1211 1324 1285 moenia,
1368 1211 1661 1270 efficiatur
1704 1211 2015 1271 castellum
2052 1212 2113 1268 et
2149 1209 2395 1268 castello

377 1301 755 1358 coniunctum
813 1299 889 1357 ad
930 1295 938 1378 Ι
978 1299 1377 1375 recipiendam
1432 1317 1653 1374 aquam
1705 1300 1922 1375 triplex
1975 1299 2397 1372 inmissarium,
2417 1310 2476 1361 (5)

378 1390 872 1464 conlocenturque
926 1390 991 1446 in
1046 1389 1290 1446 castello
1345 1391 1466 1449 tres
1515 1387 1750 1448 fistulae
1797 1388 2127 1464 aequaliter
2170 1387 2398 1446 divisae

377 1480 536 1536 intra
589 1477 962 1552 receptacula
1017 1478 1355 1551 coniuncta,
1412 1478 1501 1534 uti
1556 1495 1690 1536 cum
1744 1476 2136 1535 abundaverit
2181 1475 2254 1533 ab
2303 1495 2399 1534 ex·

377 1568 600 1641 tremiS,
645 1568 709 1624 in
753 1565 1014 1624 medium
1058 1565 1498 1640 receptaculum
1540 1565 1845 1624 redundet.
1934 1566 2081 1623 item
2127 1583 2158 1622 e
2202 1564 2397 1624 medio
2427 1584 2479 1625 15

377 1659 673 1731 ponentur
714 1654 950 1712 fistulae
994 1655 1059 1712 in
1105 1672 1306 1712 omnes
1352 1654 1514 1712 lacus
1562 1640 1623 1712 et
1659 1655 1955 1730 salienteS,
2002 1673 2073 1712 ex
2110 1654 2295 1711 altero
2331 1654 2397 1710 in

378 1744 646 1802 balineas
700 1745 771 1800 ut
823 1743 1083 1818 vectigal
1139 1745 1457 1816 quotannis
1500 1739 1506 1820 Ι
1546 1744 1769 1818 populo
1824 1745 2155 1818 praestent,
2212 1760 2397 1816 exque
2418 1755 2509 1804 (ιο)

379 1833 556 1890 tertio
612 1834 676 1890 in
731 1832 934 1890 domos
989 1832 1254 1906 privatas
1300 1851 1375 1890 ne
1422 1832 1576 1890 desit
1620 1833 1684 1890 in
1728 1831 1987 1907 publico,
2078 1849 2196 1889 non
2242 1831 2402 1888 enim

378 1923 662 1997 poterunt
734 1922 1023 1995 avertere,
1097 1938 1232 1979 cum
1291 1920 1609 1980 habuerint
1672 1939 1709 1981 a
1771 1920 2066 1997 capitibus
2128 1920 2403 1996 proprias

382 2011 701 2086 ductiones.
773 2010 920 2068 haec
958 2012 1158 2068 autem
1194 2028 1379 2085 quare
1417 2011 1609 2069 divisa
1646 2011 2072 2084 constituerim,
2118 2028 2222 2067 eae
2260 2012 2401 2067 sunt
2431 2031 2483 2069 so

382 2117 594 2157 causae
651 2101 711 2157 et
764 2100 856 2156 uti
910 2099 1014 2173 qui
1057 2100 1344 2173 privatim
1387 2100 1604 2158 ducent
1648 2102 1711 2157 in
1757 2099 1961 2158 domos
2006 2098 2401 2175 vectigalibus

379 2189 661 2246 tueantur
702 2206 809 2262 per
852 2186 1198 2261 publicanos
1236 2207 1525 2263 aquarum
1562 2188 1789 2247 ductus.
1862 2189 1955 2247 sin
1994 2182 2003 2265 Ι
2045 2189 2245 2247 autem
2278 2206 2401 2245 me-
2422 2198 2511 2251 (15)

383 2277 469 2335 dii
525 2279 753 2335 montes
815 2278 988 2333 erunt
1044 2277 1202 2334 inter
1257 2278 1493 2335 moenia
1548 2279 1611 2338 et
1664 2281 1845 2351 caput
1889 2278 2099 2352 fontis,
2160 2276 2242 2334 sic
2289 2274 2404 2334 erit

382 2365 719 2424 faciendum
771 2366 864 2422 uti
909 2383 1115 2439 specus
1161 2364 1467 2425 fodiantur
1510 2365 1621 2424 sub
1665 2368 1826 2425 terra
1871 2366 2278 2440 librenturque
2326 2364 2403 2423 ad

381 2455 692 2531 fastigium
747 2454 905 2529 quod
961 2473 1141 2529 supra
1197 2456 1483 2529 scriptum
1538 2457 1653 2528 est,
1710 2458 1772 2513 et
1825 2456 1876 2513 si
1928 2456 2089 2514 tofus
2136 2455 2251 2512 erit
2296 2456 2406 2511 aut
2434 2475 2487 2515 2⁵

385 2563 609 2614 saxum,
655 2543 720 2601 in
765 2561 872 2601 suo
919 2543 1035 2601 sibi
1081 2542 1305 2601 canalis
1352 2543 1676 2618 excidatur,
1722 2545 1813 2602 sin
1861 2546 2061 2601 autem
2103 2545 2407 2601 terrenum

385 2636 490 2692 aut
534 2634 889 2691 harenosum
937 2632 1050 2702 erit
1095 2631 1303 2707 solum,
1349 2632 1605 2707 parietes
1653 2651 1788 2690 cum
1834 2650 2071 2691 camara
2114 2631 2178 2689 in
2224 2648 2407 2705 specu

387 2714 732 2805 {struantur
785 2723 846 2779 et
898 2721 985 2779 ita
1038 2719 1423 2796 perducatur,
1476 2722 1760 2797 puteique
1814 2721 1903 2779 ita
1948 2721 2070 2779 sint
2113 2720 2260 2779 facti
2306 2720 2403 2777 uti
2426 2732 2517 2783 (20)

382 2812 541 2870 inter
585 2811 753 2869 binos
802 2810 922 2869 sint
967 2812 1154 2869 actus.

523 2969 560 3016 '1
601 2960 895 3016 chorobati
922 2978 976 3015 x.
1006 2962 1026 3029 ΙΙ
1053 2966 1084 3013 2
1125 2963 1182 3014 et
1220 2959 1268 3013 si
1299 2960 1376 3015 G:
1416 2961 1473 3013 et
1508 2959 1590 3014 sic
1617 2962 1691 3015 H.
1722 2964 1741 3031 ΙΙ
1769 2966 1800 3015 6
1837 2960 1987 3033 ficti}
2023 2961 2075 3015 G
2104 2960 2305 3029 (fictib⁹
2333 2960 2409 3015 ΘΟ

376 3052 483 3104 pro
533 3032 840 3100 fictilibus).
896 3035 914 3102 ΙΙ
968 3038 999 3085 9
1061 3030 1273 3085 sicilico
1329 3031 1506 3096 (Ptin.
1541 3036 1631 3099 31,
1654 3036 1771 3101 573:
1831 3031 2113 3101 semipede
2166 3049 2209 3086 ω
2260 3034 2408 3086 notis

385 3108 438 3174 (S
468 3112 520 3160 et
547 3109 600 3174 2)
628 3111 692 3160 ut
721 3106 938 3158 videtur
964 3103 1207 3171 confusis
1232 3102 1396 3172 (pede
1435 3100 1602 3184 semis
1631 3102 1795 3184 qu„
1823 3102 2156 3185 sesquipede
2184 3103 2367 3172 Pau).
2396 3102 2403 3173 Ι

386 3192 632 3300 ⁶³⁶⁰¹¹²⁶2
662 3173 944 3313 ἳῗὲῗῌῑ
983 3173 1225 3311 {2¹32}
1261 3176 1571 3298 ἓξίῑίῗῗ
1586 3176 1795 3314 <it-‚sta
1821 3192 1884 3315 Ἴ,
1916 3176 2029 3299 ἭΙ
2058 3172 2409 3324 {galiffa}

384 3266 454 3369 ⁵159
491 3248 740 3385 poterint
774 3332 828 3369 x.
861 3286 903 3383 ἸΙ
958 3318 1026 3366 20
1063 3287 1204 3370 eaez‘
1238 3262 1369 3367 hael
1394 3314 1485 3387 (he
1528 3316 1599 3383 G)
1634 3286 1688 3369 ,τ’
1745 3318 1765 3384 ΙΙ
1797 3290 1883 3369 ..21
1928 3331 2133 3370 causae
2179 3314 2265 3369 uti
2309 3288 2409 3383 qui

387 3390 541 3451 (caus
598 3428 610 3440 .
631 3386 718 3440 uti
763 3385 859 3453 qui
900 3384 972 3453 G)
1008 3401 1062 3438 x.
1119 3386 1139 3452 ΙΙ
1194 3390 1260 3437 24
1301 3386 1587 3440 fodientur
1626 3388 1699 3440 H.
1760 3390 1767 3457 Ι
1827 3386 2246 3455 liberenturque
2286 3386 2352 3441 G.
2392 3388 2407 3457 ΙΙ

389 3460 455 3533 2?
486 3473 546 3510 so
571 3474 666 3511 um
693 3458 738 3511 &
767 3459 846 3525 (et
867 3456 939 3524 G)
965 3454 1207 3524 parietes
1237 3474 1294 3511 ω.
1329 3463 1338 3523 Ι
1370 3472 1599 3511 camara
1631 3456 1705 3512 G:
1746 3474 1967 3513 camera
1996 3458 2073 3512 H.
2102 3459 2120 3527 ΙΙ
2148 3463 2215 3511 29
2244 3457 2409 3512 binos

393 3526 526 3577 emt:
565 3526 704 3580 duos
742 3530 828 3595 (ex
866 3529 959 3595 .11.)
997 3525 1074 3579 sit
1108 3543 1161 3579 x.
