2664 3927
315 154 450 218 210
1162 150 1493 206 VITRUVII

321 322 460 363 suos
513 321 720 362 sensus
775 302 878 361 sed
933 304 1114 361 etiam
1171 303 1454 377 omnium,
1506 296 1730 379 (cum)
1774 300 1943 359 libris
1990 300 2066 359 ad
2116 300 2343 360 discen·

245 409 284 456 2
321 392 462 451 dum
521 395 582 452 et
643 393 870 450 animos
931 391 1292 450 exacuendos
1351 392 1714 466 praeparant
1769 392 2104 465 praecepta.
2195 389 2345 465 quid

321 483 478 541 enim
535 481 682 541 Milo
731 479 1101 540 Crotoniates
1162 479 1323 555 quod
1380 479 1498 537 fuit
1550 480 1811 538 invictus
1860 479 2104 555 prodest
2156 478 2343 537 homi-

320 570 496 629 nibus
543 573 650 628 aut
694 568 876 628 ceteri
921 569 1025 645 qui
1069 589 1139 628 eo
1177 581 1391 645 genere
1426 569 1673 626 fuerunt
1707 567 1983 644 vietoreS,
2028 567 2145 626 nisi
2183 567 2345 642 quod

325 651 334 742 Ι
365 659 510 718 dum
550 659 829 718 vixerunt
862 657 980 733 ipsi
1014 657 1172 716 inter
1207 675 1346 718 suos
1384 657 1541 716 cives
1575 656 1915 716 habuerunt
1950 657 2491 716 nobilitatem.5(2o>

320 747 699 824 Pythagorae
752 765 894 806 vero
949 748 1268 822 praecepta
1312 745 1642 804 Democriti
1685 744 1956 805 Platonis
2001 744 2345 804 Aristotelis

323 840 770 910 ceterorumque
799 834 1161 910 sapientium
1187 835 1489 894 cotidiana
1514 834 1819 910 perpetuis
1844 834 2153 893 industriis
2183 834 2344 892 culta

321 945 442 986 non
496 925 702 983 solum.
739 922 864 982 ‘suis
921 922 1147 983 civibus
1202 924 1306 982 sed
1362 924 1543 983 etiam
1598 923 1868 982 omnibus
1923 923 2198 1001 gentibus
2252 941 2343 980 re·

323 1017 520 1074 centes
575 1015 637 1071 et
689 1012 929 1072 floridos
984 1012 1166 1071 edunt
1210 1013 1457 1072 fructus,
1549 1032 1580 1071 e
1629 1011 1844 1087 quibus
1890 1014 1997 1088 qui
2042 1031 2079 1070 a
2124 1011 2345 1071 teneris

324 1101 617 1161 aetatibus
659 1097 670 1180 Ι
709 1101 1112 1160 doctrinarum
1157 1101 1526 1160 abundantia
1570 1101 1895 1176 satiantur,
1940 1101 2196 1177 optimos
2240 1101 2345 1159 ha·
2366 1107 2494 1162 218

321 1192 527 1250 bentes
572 1190 901 1267 sapientiae
947 1209 1152 1250 sensus
1195 1190 1521 1249 instituunt
1564 1190 1905 1250 civitatibus
1951 1187 2347 1248 humanitatis
2376 1210 2429 1247 11

323 1299 515 1340 mores
572 1299 765 1355 aequa
817 1281 950 1338 iura
1003 1280 1192 1356 legeS‚
1257 1280 1473 1354 quibus
1529 1279 1872 1338 absentibus
1926 1279 2093 1338 nulla
2145 1281 2348 1354 potest

257 1385 291 1431 3
331 1388 457 1429 esse
512 1369 722 1428 civitas
777 1368 1102 1427 incolumis.
1195 1387 1331 1426 cum
1388 1387 1526 1445 ergo
1580 1370 1752 1427 tanta
1796 1387 2041 1426 munera
2088 1366 2161 1425 ab
2207 1367 2345 1426 scri-

321 1461 562 1534 ptorum
614 1457 932 1534 prudentia
985 1447 1288 1538 prilvatim
1342 1456 1693 1532 publiceque
1737 1457 1962 1514 fuerint
2004 1455 2342 1516 hominibus
2363 1467 2433 1514 (5)

322 1550 693 1623 praeparata,
739 1566 860 1605 non
903 1545 1096 1604 solum
1140 1544 1399 1604 arbitror
1440 1546 1675 1622 palmas
1722 1547 1782 1604 et
1827 1564 2072 1605 coronas
2110 1545 2203 1603 his
2239 1545 2433 1604 tri-15

322 1635 428 1694 bui
472 1638 743 1710 oportere
789 1634 891 1693 sed
938 1635 1119 1691 etiam
1164 1631 1400 1692 decerni
1444 1635 1777 1710 triumphos
1815 1638 1876 1694 et
1911 1636 2068 1693 inter
2105 1634 2348 1739 deorum

328 1724 494 1784 sedes
540 1742 638 1783 eos
685 1722 1040 1782 dedicandos
1083 1722 1353 1781 iudicari.

457 1811 682 1872 Eorum
727 1814 927 1870 autem
971 1812 1236 1889 cogitata
1272 1812 1504 1870 utiliter
1537 1811 1873 1870 hominibus
1913 1811 1988 1870 ad
2024 1813 2212 1870 vitam
2251 1829 2346 1869 ex-

328 1893 685 1984 {plicandum
739 1920 770 1958 e
823 1900 1094 1977 pluribus
1149 1900 1385 1979 singula.
1428 1919 1753 1978 paucorum
1797 1901 1889 1958 uti
1935 1900 2204 1977 exempla
2245 1918 2348 1977 po·
2370 1909 2464 1962 (10)

325 2010 492 2066 nam,
562 2010 712 2066 quae
769 1993 1253 2067 recognoscentes
1313 1990 1645 2051 necessario
1702 1991 1797 2050 his
1854 1990 2039 2049 tribui
2097 1991 2349 2049 honores
2380 2011 2435 2049 20

255 2096 291 2143 4
329 2085 600 2155 oportere
665 2079 930 2138 homines
994 2078 1446 2138 confitebuntur.
1538 2083 1601 2139 et
1660 2080 1921 2155 primum
1982 2079 2254 2138 Platonis
2319 2098 2351 2137 e

325 2168 532 2227 multis
593 2160 1149 2226 ratiocinationibus
1213 2169 1549 2229 utilissimis
1611 2188 1792 2227 unam
1855 2168 2352 2244 quemadmodum

330 2256 404 2316 ab
458 2276 526 2317 eo
573 2256 869 2333 explicata
915 2256 996 2315 sit
1038 2275 1272 2332 ponam.
1363 2257 1528 2316 locus
1576 2260 1682 2317 aut
1727 2276 1872 2335 ager
1914 2256 2156 2333 paribus
2201 2258 2350 2315 late-

326 2346 492 2406 ribus
539 2345 590 2404 si
635 2346 752 2403 erit
797 2336 1142 2427 quadraltus
1179 2365 1431 2422 eumque
1469 2347 1801 2422 oportuerit
1837 2346 2147 2423 duplicari,
2193 2346 2353 2422 quod
2372 2355 2467 2409 (1⁵)

331 2453 478 2511 opus
540 2436 723 2493 fuerit
786 2454 998 2511 genere
1061 2436 1292 2493 numeri
1357 2436 1516 2511 quod
1577 2434 2177 2511 multiplicationibus
2232 2453 2352 2493 non
2381 2454 2436 2495 25

328 2523 647 2599 invenitur,
693 2543 764 2583 ex
809 2523 1301 2599 descriptionibus
1347 2524 1640 2583 linearum
1675 2524 2003 2583 emendatis
2040 2524 2353 2600 reperitur.

331 2615 422 2672 est
481 2615 681 2671 autem
742 2612 870 2672 eius
927 2614 1012 2671 rei
1072 2612 1217 2672 haec
1274 2612 1717 2673 demonstratio,
1810 2613 2133 2688 quadratus
2188 2613 2353 2671 locus

333 2701 436 2777 qui
481 2703 596 2761 erit
639 2702 852 2779 longus
899 2705 961 2761 et
1003 2700 1161 2761 latus
1206 2700 1387 2778 pedes
1434 2702 1614 2761 denos
1652 2702 1837 2761 efficit
1873 2720 2045 2761 areae
2080 2700 2258 2777 pedes
2298 2718 2353 2759 c.

332 2791 383 2851 si
437 2811 576 2868 ergo
632 2809 779 2867 opus
832 2790 1017 2849 fuerit
1071 2810 1208 2850 eum
1267 2782 1589 2872 duplilcare
1635 2794 1695 2850 et
1740 2791 1959 2867 pedum
2006 2808 2081 2849 cc
2129 2792 2274 2849 item
2321 2809 2352 2848 e
2373 2800 2467 2853 (20)

330 2879 571 2955 paribus
625 2879 911 2939 lateribus
964 2881 1185 2956 facere,
1241 2880 1641 2955 quaerendum
1686 2880 1804 2939 erit·
1845 2899 2025 2955 quam
2069 2899 2354 2956 magnum
2382 2899 2438 2939 so

331 2968 490 3027 latus
536 2968 660 3027 eius
707 2968 984 3043 quadrati
1029 2970 1136 3028 fiat
1181 2972 1252 3028 ut
1295 2988 1367 3028 ex
1413 2986 1481 3027 eo
1520 2986 1596 3027 cc
1632 2967 1813 3046 pedes
1851 2968 2353 3044 duplicationibus

333 3074 504 3116 areae
541 3057 952 3132 respondeant.
1008 3058 1071 3117 id
1109 3061 1310 3117 autem
1346 3076 1589 3117 numero
1627 3077 1799 3117 nemo
1836 3060 2039 3134 potest
2072 3056 2355 3115 invenire.

479 3265 507 3312 1
549 3276 676 3314 cum
709 3262 1006 3329 om.x.}15
1043 3260 1192 3315 inter
1229 3279 1359 3316 suos
1387 3262 1586 3317 EGS.
1626 3261 1875 3317 internos
1905 3263 1981 3317 H.
2010 3265 2033 3333 ΙΙ
2060 3268 2090 3315 ’1
2132 3261 2353 3332 sapien—

335 3327 480 3381 tium
508 3330 726 3387 HEG·
765 3333 854 3383 -tu
881 3331 935 3386 S.
964 3334 1079 3401 [110
1116 3332 1328 3386 habent
1354 3351 1409 3389 x.
1440 3335 1459 3403 ΙΙ
1486 3338 1554 3386 24
1588 3332 1866 3403 duplicari
1891 3334 2037 3389 EG.
2076 3350 2163 3387 -re
2190 3334 2318 3388 HS.
2345 3334 2353 3405 Ι

339 3432 489 3495 quod
526 3437 656 3504 (ο.)·
695 3452 805 3503 quo
843 3413 922 3505 (q)
952 3437 1006 3493 S.
1061 3439 1082 3506 ΙΙ
1133 3443 1200 3491 25
1238 3439 1391 3507 quod
1428 3440 1705 3509 (m.:)HS
1746 3457 1856 3510 quo
1886 3441 2022 3495 EG.
2079 3443 2099 3510 ΙΙ
2153 3445 2221 3493 26
2259 3456 2357 3496 ex:

343 3510 408 3547 eo
443 3516 497 3553 x.
536 3505 558 3569 ΙΙ
603 3509 668 3556 29
709 3506 983 3574 duplicari
1019 3507 1227 3577 pedum
1255 3512 1296 3577 (-
1299 3512 1359 3579 u)
1393 3528 1449 3563 x.
1971 3564 1975 3571 .
