2664 3927
390 171 481 234 80
1235 169 1568 223 VITRUVII

390 320 476 378 eis
538 337 661 378 una
722 337 863 394 pars
923 317 988 377 in
1049 319 1244 380 medio
1299 319 1602 379 cacumine
1660 320 1936 396 tympani
1990 319 2413 394 constituatur,

390 408 533 467 dum
570 411 776 466 contra
814 407 1094 484 epistylia
1129 408 1655 484 columnarumque
1691 409 2142 485 hypotrachelia
2171 408 2250 467 ad
2276 429 2412 484 per-

388 497 771 573 pendiculum
805 497 1176 573 respondeat.
1249 516 1617 573 coronaeque
1655 517 1834 573 supra
1866 489 1873 580 Ι
1906 497 2238 574 aequaliter
2272 497 2413 556 imis
2433 509 2492 561 (5)

388 589 626 661 praeter
679 587 860 644 simas
915 589 1054 644 sunt
1109 586 1521 646 conlocandae.
1612 587 1856 662 insuper
1904 605 2151 646 coronas
2207 587 2413 661 simae,

391 692 540 751 quas
606 673 817 734 Graeci
880 671 1238 734 επαιετὶδα(
1301 675 1531 750 dicunt,
1594 675 1899 734 faciendae
1962 678 2101 735 sunt
2165 676 2413 734 altiores
2441 695 2467 736 5

389 771 604 822 octava
665 766 835 838 parte
900 781 1250 823 coronarum
1302 763 1655 823 altitudinis.
1747 765 2037 823 acroteria
2094 763 2413 841 angularia

387 855 516 910 tam
552 852 680 910 alta
716 855 1010 927 quantum
1044 855 1136 911 est
1170 855 1525 929 tympanum
1558 853 1835 931 medium,
1879 853 2154 912 mediana
2190 852 2413 912 altiora

390 943 602 1001 octava
646 944 816 1017 parte
863 959 1046 1016 quam
1091 942 1422 1018 angularia.

286 1046 353 1094 13
527 1021 536 1111 Ι
567 1029 832 1088 Membra
879 1031 1076 1090 omnia
1115 1049 1269 1106 quae
1307 1049 1487 1106 supra
1524 1030 1789 1105 capitula
1826 1031 2233 1090 columnarum
2269 1034 2412 1089 sunt
2429 1041 2513 1093 (1⁰)

388 1119 593 1176 futura
638 1119 700 1177 id
745 1122 837 1177 est
880 1119 1161 1195 epistylia
1206 1119 1497 1195 zophoroe
1543 1137 1793 1178 coronae
1837 1121 2126 1195 tympana
2161 1119 2411 1196 fastigia
2438 1140 2491 1178 ιο

391 1206 682 1265 acroteria
714 1206 1056 1266 inclinanda
1092 1211 1234 1267 sunt
1268 1209 1334 1266 in
1369 1209 1564 1267 fronte
1592 1226 1733 1266 suae
1761 1207 2043 1283 cuiusque
2072 1207 2407 1267 altitudinis

389 1298 560 1371 parte
616 1314 730 1372 xn,
785 1296 917 1355 ideo
972 1296 1133 1372 quod
1185 1315 1320 1356 cum
1374 1296 1710 1356 steterimus
1765 1299 1971 1356 contra
2032 1297 2276 1371 fronteS,
2332 1296 2407 1354 ab

390 1386 559 1443 oculo
623 1385 817 1443 lineae
882 1384 1034 1444 duae
1099 1385 1151 1444 si
1214 1389 1491 1444 extensae
1553 1386 1778 1444 fuerint
1840 1389 1901 1444 et
1961 1403 2081 1443 una
2138 1385 2409 1462 tetigerit

388 1475 572 1532 imam
612 1468 620 1551 Ι
662 1473 856 1550 operis
891 1477 1140 1549 partem,
1178 1474 1369 1532 altera
1404 1492 1713 1548 summam,
1756 1492 1908 1549 quae
1945 1492 2236 1532 summam
2268 1474 2407 1533 teti·
2427 1485 2511 1534 (15)

389 1563 546 1639 gerit
572 1563 806 1640 longior
830 1562 949 1621 fiet.
1013 1562 1100 1621 ita
1137 1581 1254 1637 quo
1291 1563 1527 1640 longior
1551 1563 1713 1622 visus
1748 1563 1907 1622 linea
1943 1563 2009 1620 in
2044 1563 2409 1639 superiorem
2435 1582 2487 1623 15

389 1654 622 1726 partem
683 1650 978 1726 procedit,
1039 1651 1447 1727 resupinatam
1508 1652 1657 1710 facit
1720 1653 1843 1710 eius
1904 1650 2173 1727 speciem.
2272 1671 2408 1710 cum

390 1743 609 1815 autem,
656 1741 748 1798 uti
791 1758 970 1815 supra
1016 1740 1306 1816 scriptum
1353 1743 1461 1814 est,
1503 1741 1568 1798 in
1612 1741 1807 1799 fronte
1843 1740 2130 1799 inclinata
2165 1741 2407 1815 fuerint,

389 1831 530 1886 tunc
574 1829 638 1886 in
685 1832 927 1904 aspectu
970 1828 1326 1887 videbuntur
1372 1848 1496 1888 esse
1543 1830 1620 1888 ad
1654 1829 2139 1905 perpendiculum
2176 1830 2237 1886 et
2270 1847 2404 1886 nor-

287 1931 353 1980 14
390 1935 566 1975 mam.
659 1917 1066 1977 columnarum
1105 1913 1114 1997 Ι
1156 1919 1337 1978 striae
1391 1918 1697 1978 faciendae
1752 1921 1893 1977 sunt
1946 1936 2124 1977 xxrm
2167 1918 2255 1977 ita
2310 1937 2405 1977 ex·
2424 1927 2510 1977 (2⁰)

391 2010 637 2065 cavatae
699 2008 791 2066 uti
852 2026 1062 2065 norma
1123 2008 1187 2066 in
1241 2026 1386 2067 cavo
1442 2008 1623 2067 striae
1683 2027 1817 2066 cum
1878 2008 2061 2067 fuerit
2124 2010 2407 2081 coniecta,
2433 2028 2485 2065 20

390 2094 747 2153 circumacta
783 2095 1103 2154 anconibus
1139 2097 1421 2156 striarum
1448 2097 1654 2155 dextra
1690 2115 1760 2155 ac
1797 2098 2037 2155 sinistra
2072 2090 2406 2174 (angulos)

388 2186 603 2261 tangat
629 2202 1025 2259 cacumenque
1057 2204 1297 2244 normae
1336 2186 1559 2244 circum
1592 2186 2072 2245 rotundationem
2106 2186 2405 2262 tangendo

388 2274 703 2350 pervagari
766 2273 971 2348 possit.
1075 2273 1493 2333 crassitudines
1558 2274 1838 2333 striarum
1900 2273 2204 2333 faciendae
2268 2277 2407 2333 sunt

391 2363 681 2436 quantum
735 2361 987 2421 adiectio
1041 2363 1105 2420 in
1159 2363 1355 2421 media
1400 2362 1673 2422 columna
1720 2382 1789 2421 ex
1829 2359 1838 2442 Ι
1879 2363 2271 2439 descriptione
2315 2362 2405 2422 in-
2424 2372 2509 2423 (25)

284 2464 351 2513 15
387 2451 674 2509 venietur.
763 2450 827 2508 in
873 2451 1037 2510 simis
1084 2469 1235 2527 quae
1281 2470 1461 2527 supra
1506 2470 1785 2511 coronam
1828 2452 1892 2510 in
1936 2451 2222 2511 lateribus
2266 2455 2406 2511 sunt
2432 2471 2485 2511 25

389 2538 650 2614 aedium,
697 2540 896 2615 capita
942 2541 1180 2599 leonina
1225 2543 1365 2598 sunt
1409 2540 1752 2616 scalpenda,
1802 2541 2091 2616 disposita
2132 2534 2141 2619 Ι
2181 2542 2269 2599 ita
2314 2542 2405 2599 uti
2434 2548 2507 2603 83
2617 2548 2618 2551 ’

389 2631 596 2687 contra
651 2629 952 2688 columnas
1007 2628 1272 2706 singulas
1327 2630 1584 2705 primum
1638 2630 1759 2689 sint
1813 2629 2150 2707 designata,
2208 2632 2405 2688 cetera

387 2717 625 2792 aequali
670 2718 846 2777 modo
884 2718 1173 2794 disposita
1219 2717 1309 2776 uti
1354 2717 1589 2796 singula
1636 2719 1886 2795 singulis
1930 2718 2140 2777 mediis
2185 2718 2403 2795 tegulis

386 2807 798 2882 respondeant.
905 2807 1052 2865 haec
1115 2809 1316 2865 autem
1379 2826 1531 2882 quae
1596 2810 1769 2865 erunt
1831 2810 2038 2867 contra
2101 2808 2403 2866 columnas

529 2998 561 3045 2
591 2991 744 3063 epi(y
768 2993 995 3063 H)sty(i
1025 2992 1164 3064 G)lii
1189 3011 1244 3049 x.
1274 2996 1293 3059 11
1320 2999 1353 3046 3
1380 2993 1758 3063 respondeant
1782 3010 1837 3047 x.
1873 2995 1882 3064 Ι
1912 2996 2227 3064 coronaeoe)
2256 3008 2402 3060 quac

386 3066 516 3147 (que
548 3063 619 3132 G,
653 3069 692 3134 q
721 3066 786 3134 S)
823 3082 878 3119 x.
906 3066 926 3134 ΙΙ
954 3071 986 3118 6
1024 3064 1176 3188 epi&r
1202 3063 1423 3135 S)tidas
1459 3083 1514 3120 x.
1550 3068 1571 3136 ΙΙ
1610 3070 1693 3147 10·
1713 3064 1959 3132 zophora
1985 3082 2040 3119 x.
2074 3065 2083 3135 Ι
2116 3080 2320 3118 corona
2357 3063 2405 3117 ἀ

385 3136 492 3205 ty(1
523 3137 804 3206 G)mpana
829 3153 884 3191 x.
913 3138 933 3205 ΙΙ
965 3141 1025 3189 11
1081 3138 1241 3189 ronte
1270 3136 1394 3206 Sffi*
1412 3136 1488 3205 .9):
1526 3136 1725 3190 frontis
1755 3134 1823 3189 H
1829 3136 1904 3191 ἃς
1931 3134 2248 3207 (fronte<s>
2277 3141 2404 3190 ante

385 3244 488 3311 ips.
518 3259 655 3298 corr.
687 3243 776 3311 G).
804 3244 825 3312 ΙΙ
855 3248 919 3295 12
949 3220 1074 3297 edm
1092 3241 1169 3296 H.
1197 3244 1217 3311 ΙΙ
1247 3248 1313 3296 14
1343 3242 1522 3296 altera
1542 3242 1586 3297 S
1606 3249 1658 3297 et
1684 3248 1810 3297 ante
1836 3259 1945 3297 ras.
1967 3242 2044 3296 H.
2073 3244 2093 3311 ΙΙ
2122 3247 2189 3297 15
2215 3240 2402 3295 lineae

387 3314 519 3386 (-ee)
536 3331 590 3368 ω.
619 3315 640 3385 ΙΙ
670 3319 734 3367 16
762 3312 1017 3396 procedit
1034 3312 1252 3368 118602
1281 3312 1405 3367 -det
1427 3314 1493 3368 G.
1527 3314 1535 3383 Ι
1567 3312 1950 3382 resopinatam
1968 3313 2013 3368 S
2033 3320 2086 3367 et
2112 3320 2238 3369 ante
2264 3330 2404 3367 corr.

387 3384 465 3437 H.
493 3386 513 3452 ΙΙ
542 3390 607 3438 17
635 3385 805 3440 fuerit
830 3403 886 3440 x.
914 3387 934 3455 ΙΙ
961 3390 1026 3438 21
1059 3384 1294 3454 angulos
1322 3402 1421 3439 om.
1451 3402 1507 3440 x.
1536 3387 1556 3455 ΙΙ
1583 3390 1649 3437 22
1680 3400 1913 3437 acumen
1941 3400 2086 3451 quae
2115 3385 2246 3458 (que
2268 3384 2339 3452 G,
2366 3388 2404 3453 q

388 3454 456 3523 S)
479 3473 520 3509 x
547 3458 682 3525 (cac.
715 3458 910 3528 Ussimy
939 3474 1004 3511 ex
1023 3474 1082 3525 p.
1113 3460 1202 3522 92,
1225 3458 1329 3526 10).
1366 3463 1373 3517 Ι
1405 3458 1527 3526 ro(u
1556 3462 1681 3510 ante
1708 3472 1843 3511 corr.
1864 3455 2288 3525 H)tundatione
2310 3473 2365 3510 x.
2400 3458 2407 3530 Ι

388 3530 456 3577 23
495 3527 879 3582 crassitudinis
909 3528 978 3582 H
1003 3529 1146 3598 (mes
1177 3526 1320 3597 GS).
1350 3528 1369 3597 ΙΙ
1397 3532 1464 3580 26
1502 3527 1586 3581 ita
1621 3544 1720 3582 om.
1749 3544 1804 3583 ω.
1833 3527 1852 3596 ΙΙ
1881 3532 1947 3580 29
1986 3528 2177 3581 autem
2213 3544 2314 3583 om.
2391 3573 2403 3583 .
