2664 3927
377 207 416 271 2
422 208 462 270 2
467 207 505 271 8
1219 204 1549 260 VITRUVII

375 357 588 416 inanis.
660 356 987 415 turibulum
1033 355 1138 415 sub
1187 355 1509 431 scorpionis
1558 355 1779 414 aculeo.
1854 356 2121 414 centauri
2165 355 2393 432 priores

376 450 574 522 partes
611 445 913 522 proximae
951 448 1088 504 sunt
1123 445 1308 502 librae
1348 447 1409 502 et
1444 444 1753 519 scorpioni.
1818 447 1982 502 tenet
2016 444 2079 503 in
2115 444 2393 504 manibus

376 527 781 616 silmulacrum
815 534 878 592 id
917 534 1077 608 quod
1105 533 1361 591 bestiam
1390 536 1683 591 astrorum
1709 534 1888 608 periti
1915 535 2389 593 nominaverunt.
2412 545 2505 597 (2⁰)

381 623 674 700 virginem
734 626 793 680 et
845 623 1075 681 leonem
1131 625 1192 680 et
1245 640 1521 680 cancrum
1568 622 1780 698 anguis
1826 621 2131 699 porrigens
2179 641 2394 700 agmen

383 712 694 771 stellarum
728 713 984 769 intortus
1021 710 1331 788 succingit,
1367 710 1607 786 regione
1640 711 1837 768 cancri
1866 710 2094 788 erigens
2120 714 2394 787 rostrum,
2426 731 2452 772 5

382 801 458 860 ad
485 802 716 859 leonem
743 800 1054 874 medioque
1083 818 1324 874 corpore
1354 799 1647 857 sustinens
1676 801 1907 858 cratera
1935 800 2011 857 ad
2036 819 2393 875 manumque

380 889 628 966 virginis
675 889 925 947 caudam
961 888 1272 960 subicienS,
1315 887 1380 944 in
1419 906 1536 962 qua
1570 887 1729 946 inest
1764 906 1989 946 corvus.
2066 907 2216 964 quae
2254 892 2395 948 sunt

426 979 629 1036 autem
675 997 857 1053 supra
893 976 1166 1052 scapulas
1204 995 1501 1051 peraeque
1539 978 1679 1034 sunt
1714 977 1991 1034 lucentia.
2064 978 2141 1034 ad
2178 977 2391 1054 anguis
2412 989 2506 1041 (25)

422 1066 671 1124 inferius
708 1067 933 1126 ventris
971 1066 1079 1124 sub
1117 1065 1371 1124 caudam
1398 1064 1697 1123 subiectus
1726 1068 1817 1123 est
1844 1068 2177 1124 centaurus.
2224 1067 2391 1125 iuxta
2412 1076 2533 1131 231

378 1157 609 1214 cratera
664 1158 724 1212 et
767 1156 997 1213 leonem
1042 1154 1212 1212 navis
1259 1157 1350 1212 est
1396 1173 1547 1228 quae
1593 1153 1936 1212 nominatur
1978 1153 2162 1230 Arg0,
2218 1155 2387 1214 cuius
2420 1177 2475 1216 1ο

377 1263 552 1320 prora
599 1242 974 1318 obscuratur,
1021 1244 1124 1301 sed
1167 1243 1363 1301 malus
1411 1245 1470 1300 et
1516 1261 1669 1318 quae
1718 1245 1857 1300 sunt
1901 1243 2055 1301 circa.
2102 1243 2391 1320 guberna-

379 1333 512 1392 cula
577 1332 897 1391 eminentia
959 1331 1260 1404 videntur,
1320 1332 1572 1406 ipsaque
1635 1330 1943 1390 naviculae
2006 1332 2224 1407 puppis
2286 1352 2395 1407 per

381 1440 670 1479 summam
703 1413 710 1503 1
744 1421 992 1479 caudam
1021 1420 1154 1478 cani
1178 1419 1463 1496 iungitur.
1506 1420 1769 1495 geminos
1800 1423 2000 1478 autem
2026 1420 2393 1479 minusculus
2414 1431 2480 1482 (5)

379 1510 540 1569 canis
588 1509 859 1585 sequitur
903 1511 1109 1568 contra
1159 1508 1371 1584 anguis
1417 1510 1612 1583 caput.
1697 1509 1889 1568 maior
1932 1509 2079 1566 item
2123 1509 2395 1584 sequitur

377 1599 680 1656 minorem.
779 1597 962 1656 Orion
1013 1615 1153 1656 vero
1208 1602 1577 1655 transversus
1632 1601 1722 1655 est
1778 1597 2100 1672 subiectuS,
2153 1615 2391 1673 pressus
2423 1619 2479 1659 15

379 1689 608 1764 ungula
650 1686 841 1760 tauri,
885 1704 1065 1744 manu
1110 1687 1283 1745 laeva
1327 1688 1535 1743 tenens
1582 1685 1829 1761 clavam,
1877 1686 2127 1744 alteram
2170 1686 2245 1743 ad
2290 1705 2392 1763 ge-

380 1777 571 1835 minos
625 1776 857 1834 tollens
949 1774 1108 1850 apud
1162 1775 1287 1832 eius
1341 1792 1479 1833 vero
1534 1773 1727 1832 basim
1772 1775 1933 1832 canis
1979 1793 2163 1849 parvo
2208 1775 2390 1832 inter-

380 1865 540 1922 vallo
604 1865 920 1938 insequens
983 1864 1258 1938 leporem.
1365 1857 1587 1940 arieti}
1630 1865 1690 1920 et
1751 1863 2010 1937 piscibus
2076 1866 2236 1922 cetus
2301 1867 2395 1922 est
2414 1874 2510 1927 (10)

382 1951 705 2028 subiectus,
751 1974 784 2010 a
831 1951 994 2011 cuius
1043 1952 1222 2012 orista
1268 1951 1537 2012 ordinate
1582 1951 1849 2027 utrisque
1894 1951 2153 2028 piscibus
2200 1951 2395 2029 dispo-

383 2042 499 2100 sita
560 2045 648 2099 est
706 2042 900 2100 tenuis
957 2042 1114 2099 fusio
1175 2041 1510 2116 stellarum,
1576 2060 1727 2116 quae
1786 2059 1995 2118 graece
2054 2042 2397 2101 vocitantur
2426 2064 2482 2102 20

383 2130 749 2203 αρπεδοναι.
839 2148 1172 2207 magnoque
1227 2130 1542 2189 intervallo
1587 2130 1877 2188 introrsus
1922 2148 2159 2205 pressus
2205 2131 2395 2189 nodus

380 2218 755 2276 haerentium
815 2218 1061 2295 attingit
1119 2237 1410 2276 summam
1464 2218 1579 2277 ceti
1633 2218 1889 2277 cristam.
1979 2238 2085 2294 per
2140 2219 2397 2295 speciem

383 2307 693 2365 stellarum
744 2306 964 2364 flumen
1017 2307 1286 2381 profluit,
1344 2307 1581 2364 initium
1626 2306 1807 2367 fontis
1855 2308 2093 2382 capiens
2141 2328 2177 2366 a
2221 2308 2393 2367 laevo

386 2387 574 2476 {pede
621 2392 871 2454 Orionis.
965 2414 1116 2470 quae
1173 2414 1313 2454 vero
1370 2395 1445 2452 ab
1500 2396 1748 2471 aquario
1803 2396 1976 2454 fundi
2029 2399 2397 2455 memoratur
2416 2407 2511 2460 (15)

383 2492 568 2558 aqua,
621 2483 864 2559 profluit
906 2483 1063 2541 inter
1106 2484 1282 2559 piscis
1331 2484 1584 2542 austrini
1630 2488 1814 2561 caput
1860 2488 1920 2543 et
1965 2485 2214 2544 caudam
2260 2486 2395 2544 ceti.
2426 2508 2482 2546 25

527 2782 558 2829 2
616 2776 962 2845 scorpionem
1015 2779 1089 2847 (Je
1131 2778 1260 2845 GS)
1314 2776 1511 2830 tenent
1562 2794 1617 2831 x.
1676 2780 1695 2846 ΙΙ
1754 2784 1787 2831 4
1823 2778 1912 2831 Ad
1956 2776 2231 2847 virginem
2275 2794 2331 2833 x.
2380 2778 2401 2850 Η

385 2853 416 2901 5
454 2851 698 2901 rostrum
727 2848 915 2918 S(G0):
953 2851 1206 2901 nostrum
1242 2850 1390 2918 (iffm
1416 2848 1557 2916 EG)
1594 2866 1647 2901 ω.
1691 2850 1709 2917 ss
1751 2854 1782 2901 6
1820 2848 1895 2901 ad
1928 2848 2148 2903 leonem
2184 2850 2301 2918 (sic)
2338 2866 2396 2904 x.

383 2920 452 2985 cf.
483 2920 644 2973 Arat.
672 2922 782 2973 446
807 2920 1032 2990 (Kaibel
1060 2921 1093 2974 Z.
1124 2922 1206 2989 c.).
1241 2922 1248 2989 Ι
1282 2920 1555 2973 craterem
1582 2920 1657 2988 (-e
1689 2918 1821 2986 GS)
1850 2936 1904 2973 x.
1934 2922 1952 2988 ΙΙ
1984 2924 2012 2971 7
2052 2935 2244 2973 corvos
2274 2919 2351 2974 H.
2381 2920 2402 2991 ΙΙ

384 2995 416 3043 8
447 2988 699 3059 lugentia
724 3007 778 3043 x.
814 2992 822 3059 Ι
856 2989 930 3043 ad
957 3007 1056 3045 om.
1086 2992 1148 3044 E
1159 2992 1224 3045 G.
1254 2993 1272 3060 ΙΙ
1301 2996 1331 3043 9
1362 2988 1595 3043 interius
1624 3007 1678 3043 x.
1713 2991 1721 3058 Ι
1752 2989 1903 3043 iusta
1931 2990 2007 3044 H.
2036 2992 2055 3059 u
2084 2995 2151 3043 10
2180 2992 2400 3044 cratera

384 3059 603 3114 HEG:
643 3066 728 3112 -ra
758 3061 810 3115 S.
857 3062 877 3130 ss
923 3066 988 3113 12
1025 3061 1291 3114 navicula
1325 3061 1372 3115 av
1407 3060 1611 3130 puppis
1651 3060 1875 3129 (pubpis
1904 3060 1995 3129 H)
2032 3078 2086 3115 ω.
2129 3062 2148 3130 ΙΙ
2191 3066 2254 3113 13
2294 3061 2400 3113 mi-

383 3130 645 3184 nusculos
677 3148 716 3183 x
753 3130 885 3199 (-lus
914 3131 1028 3200 Ec).
1084 3133 1102 3200 ss
1159 3138 1224 3185 16
1263 3150 1314 3185 u.
1355 3130 1607 3186 centauri
1642 3148 1698 3185 ω.
1741 3134 1748 3201 Ι
1788 3132 1982 3185 tenens
2022 3131 2183 3185 clava
2220 3132 2401 3185 altera

383 3218 438 3255 τε.
477 3204 494 3269 ΙΙ
535 3206 598 3254 17
637 3203 677 3255 t.
717 3200 898 3271 Caput
935 3201 1052 3254 eius
1089 3219 1220 3257 vero
1257 3207 1409 3273 (vero
1448 3202 1567 3256 eius
1596 3202 1663 3271 S)
1691 3220 1745 3255 x.
1793 3204 1811 3271 ΙΙ
1858 3207 1923 3254 18
1952 3204 2056 3272 (22.
2088 3203 2177 3272 25)
2206 3205 2399 3256 coetus

385 3272 586 3340 (coScus
625 3272 713 3339 H)
751 3290 804 3325 x.
860 3274 878 3341 ΙΙ
932 3277 1000 3324 20
1047 3273 1235 3341 graeci
1271 3275 1349 3328 H.
1409 3277 1428 3343 ΙΙ
1486 3279 1551 3326 21
1599 3272 1969 3327 hermedonae
2013 3276 2128 3342 (-ne
2166 3273 2232 3341 S)
2271 3274 2404 3342 HS,

384 3341 588 3395 hermae
627 3342 785 3395 donae
813 3344 888 3409 E,
924 3342 1285 3418 hermevdone
1319 3346 1405 3399 GC.
1449 3347 1457 3413 Ι
1498 3344 1739 3397 introsus
1778 3343 1829 3398 S.
1864 3348 1873 3411 Ι
1903 3344 2081 3397 nodus
2110 3344 2170 3397 Ε
2180 3346 2255 3399 G:
2295 3360 2400 3400 om.

278 3412 284 3422 '
387 3410 512 3465 HS.
553 3415 571 3478 ΙΙ
613 3419 679 3464 22
716 3412 1434 3484 haerentiumzserpentium
1469 3433 1523 3469 cc.
1558 3418 1565 3483 Ι
1598 3414 1827 3468 cristam
1862 3430 1983 3468 esse
2019 3416 2109 3484 (δ’ὁ
2135 3414 2261 3482 SG)
2289 3414 2405 3469 fuit

387 3481 681 3545 pspeeiem
715 3500 770 3537 x.
845 3486 1015 3539 delevi
1058 3500 1177 3537 esse
1223 3485 1358 3547 fuit,
1404 3494 1468 3540 ut
1512 3502 1630 3539 esse
1668 3485 1918 3539 futurum
1951 3487 2094 3541 illud
2120 3503 2181 3554 p.
2210 3489 2404 3554 266,2

389 3548 479 3609 (ef.
516 3565 634 3601 ense
666 3570 721 3619 p.
752 3558 884 3621 230,
906 3558 988 3608 13.
1027 3558 1160 3622 218,
1177 3560 1226 3609 4.
1283 3555 1532 3609 futurum
1562 3576 1620 3627 p.
1650 3558 1913 3625 253,26).
