2664 3927
25 464 44 514 Ῐ)

823 190 920 243 DE
957 188 1517 245 ARCHITECTURA
1552 190 1685 245 ΜΒ.
1724 190 1767 260 1,
1803 197 1837 245 c
2256 191 2343 255 25

322 338 686 399 meridianae
730 340 974 399 umbrae
1019 339 1567 416 postmeridianam,
1614 340 1905 418 signanda
1949 344 2189 417 puncto.
2272 362 2344 402 ex
2380 359 2413 409 7

322 428 416 487 his
461 428 688 488 duobus
733 429 920 507 signis
967 428 1182 488 circino
1229 429 1589 488 decussatim
1624 428 2088 504 describendum,
2134 434 2195 489 et
2237 451 2346 507 per

247 530 306 581 (5)
324 516 794 578 decussationem
847 521 910 576 et
949 512 958 596 Ι
997 518 1256 576 medium
1302 521 1573 577 centrum
1626 518 1787 577 linea
1839 518 2214 594 perducenda
2268 521 2345 580 ad

325 609 670 681 extremum,
714 608 788 665 ut
828 606 1121 665 habeatur
1153 606 1484 665 meridiana
1530 610 1591 666 et
1635 608 2117 683 septentrionalis
2160 610 2342 687 regio.

271 716 298 756 5
324 697 456 753 tum
499 698 711 771 postea
757 695 1044 754 sumenda
1098 697 1190 754 est
1243 698 1411 755 sexta
1464 696 1693 757 decima
1745 714 1885 772 pars
1941 696 2343 758 circinationis

322 783 516 842 lineae
571 785 758 843 totius
811 782 1277 858 rotimdationis,
1341 786 1727 861 centrumque
1792 786 2218 845 conlocandum
2280 786 2345 845 in

323 873 654 931 meridiana
706 872 868 931 linea
924 892 1042 948 qua
1093 874 1294 950 tangit
1347 873 1817 949 circinationem,
1872 877 1933 933 et
1986 874 2347 951 signandum

217 973 306 1025 (ιο)
326 960 534 1019 dextra
579 980 650 1019 ac
695 960 938 1021 sinistra
973 962 1037 1020 in
1075 962 1458 1021 circinatione
1498 957 1507 1040 Ι
1550 965 1610 1022 ct
1644 962 1975 1022 meridiana
2014 965 2075 1023 et
2111 967 2344 1039 septen-

323 1049 570 1109 trionali
621 1052 810 1126 parte.
902 1052 1044 1109 tunc
1101 1070 1172 1109 ex
1228 1051 1414 1127 signis
1458 1051 1551 1110 his
1599 1054 1882 1127 quattuor
1925 1072 2034 1128 per
2079 1055 2347 1112 centrum

241 1161 296 1200 ιο
322 1138 585 1200 medium
630 1139 988 1197 decussatim
1033 1138 1226 1198 lineae
1273 1139 1351 1197 ab
1399 1140 1673 1199 extremis
1720 1141 1797 1199 ad
1842 1143 2133 1200 extremas
2178 1141 2345 1201 circi·

322 1228 594 1286 nationes
631 1228 1054 1303 perducendae.
1119 1228 1210 1287 ita
1247 1226 1441 1287 austri
1477 1231 1538 1287 et
1573 1229 1994 1304 septentrionis
2028 1230 2348 1291 habebitur

327 1317 571 1375 octavae
615 1317 804 1392 partis
852 1316 1203 1394 designatio.
1295 1317 1562 1393 reliquae
1606 1320 1807 1393 partes
1856 1317 2063 1377 dextra
2107 1322 2229 1378 tres
2276 1338 2345 1379 ac

215 1417 304 1468 (15)
326 1403 566 1463 sinistra
591 1408 712 1465 tres
741 1406 1020 1481 aequales
1055 1406 1148 1465 his
1176 1406 1621 1465 distribuendae
1648 1409 1790 1465 sunt
1828 1400 1837 1485 Ι
1876 1406 1942 1464 in
1976 1408 2108 1466 tota
2142 1410 2347 1467 rotun-

323 1491 590 1567 datione,
642 1497 713 1553 ut
769 1496 1046 1569 aequales
1094 1496 1415 1555 divisiones
1463 1498 1596 1555 octo
1642 1497 1956 1555 ventorum
2001 1495 2345 1571 designatae

239 1602 296 1644 15
323 1581 444 1641 sint
478 1582 541 1641 in
580 1582 991 1659 descriptione.
1062 1585 1192 1642 tum
1227 1604 1337 1660 per
1372 1584 1623 1662 angulos
1658 1584 1817 1643 inter
1852 1584 2001 1643 duas
2036 1588 2348 1644 ventorum

319 1671 590 1748 regiones
649 1675 716 1730 et
772 1673 1114 1748 platearum
1175 1677 1238 1732 et
1301 1673 1756 1751 angiportorum
1808 1672 2086 1733 videntur
2137 1673 2346 1733 debere

323 1758 503 1836 dirigi
557 1759 996 1836 descriptiones.
1099 1761 1150 1820 is
1206 1761 1364 1820 enim
1421 1762 1753 1821 rationibus
1814 1764 1876 1821 et
1932 1781 2002 1821 ea
2056 1761 2345 1822 divisione
2384 1780 2417 1827 8

216 1861 303 1913 (20)
324 1848 558 1907 exclusa
605 1848 720 1907 erit
763 1870 835 1908 ex
879 1850 1349 1910 habitationibus
1396 1852 1459 1909 et
1491 1851 1639 1910 vicis
1682 1854 1997 1911 ventorum
2041 1851 2131 1910 vis
2172 1845 2181 1930 Ι
2220 1872 2344 1912 mo-

321 1936 494 1996 lesta.
591 1956 726 1996 cum
789 1940 946 1998 enim
1007 1939 1246 2015 plateae
1309 1941 1518 2000 contra
1579 1940 1833 2000 directos
1896 1941 2105 2000 ventos
2170 1944 2347 2002 erunt

245 2049 299 2089 20
327 2027 754 2102 conformatae,
823 2047 894 2086 ex
961 2032 1167 2104 aperto
1233 2028 1385 2088 caeli
1448 2029 1642 2105 spatio
1705 2029 1965 2105 impetus
2030 2048 2099 2088 ac
2166 2029 2345 2090 flatus

322 2115 602 2190 frequens
656 2117 964 2176 conclusus
1017 2116 1080 2176 in
1134 2117 1408 2177 faucibus
1455 2118 1903 2196 angiportorum
1947 2118 2343 2178 vehementio-

322 2203 489 2262 ribus
552 2203 780 2263 viribus
846 2205 1289 2282 pervagabitur.
1402 2225 1552 2282 quas
1617 2207 1690 2266 ob
1758 2226 1851 2266 res
1916 2208 2345 2267 convertendae

323 2295 466 2352 sunt
512 2293 587 2351 ab
632 2293 972 2370 regionibus
1017 2297 1331 2354 ventorum
1378 2295 1731 2356 directiones
1776 2297 2059 2371 vicorum,
2105 2297 2197 2354 uti
2244 2297 2345 2354 ad-

216 2396 302 2446 (25)
322 2381 622 2440 venientes
653 2382 731 2440 ad
757 2383 1006 2458 angulos
1048 2377 1056 2461 Ι
1095 2383 1428 2443 insularum
1461 2385 1819 2462 frangantur
1852 2385 2191 2461 repulsique
2228 2385 2344 2444 dis-

244 2493 295 2534 25
323 2470 609 2546 sipcntur.

453 2559 732 2618 Fortasse
796 2559 1173 2618 mirabuntur
1225 2561 1248 2618 i
1313 2561 1417 2636 qui
1482 2562 1673 2621 multa
1727 2563 2041 2622 ventorum
2102 2562 2344 2622 nomina
2382 2579 2416 2626 9

322 2650 641 2722 noverunt,
706 2648 865 2724 quod
921 2667 958 2706 a
1010 2649 1179 2708 nobis
1235 2650 1491 2726 expositi
1544 2653 1685 2710 sunt
1735 2652 1976 2710 tantum
2030 2654 2164 2710 octo
2220 2671 2345 2710 esse

321 2736 500 2795 venti.
565 2737 616 2795 si
645 2738 850 2796 autem
886 2737 1415 2798 animadverterint
1453 2738 1609 2798 orbis
1645 2741 1838 2798 terrae
1877 2739 2346 2799 circumitionem

465 2912 496 2958 2
517 2907 622 2976 (10,
657 2909 823 2961 ctiam
848 2909 944 2974 28,
961 2910 1049 2962 25.
1080 2911 1176 2975 29,
1195 2909 1287 2989 15)
1317 2907 1628 2962 decusatim
1656 2925 1710 2963 ω.
1740 2910 1759 2978 ΙΙ
1786 2913 1819 2960 3
1848 2907 2209 2962 decusatione
2234 2908 2351 2964 HS

321 2976 738 3044 (decussacione
772 2977 860 3048 G).
889 2979 969 3046 114
1007 2977 1475 3046 septentrionales
1510 2979 1587 3034 H.
1617 2980 1637 3048 ΙΙ
1664 2985 1695 3032 5
1732 2982 1855 3032 tum
1890 2979 2026 3035 HS:
2063 2981 2199 3034 tunc
2231 2979 2298 3034 G.
2326 2978 2347 3052 ΙΙ

323 3053 352 3102 ’1
400 3047 725 3118 qua&angit
769 3048 836 3101 H
889 3051 1019 3122 (que
1075 3051 1115 3102 t.
1165 3049 1309 3120 GS).
1365 3051 1385 3119 ΙΙ
1440 3055 1506 3102 12
1565 3050 1761 3104 dextra
1817 3067 1883 3104 ac
1939 3049 2169 3105 sinistra
2230 3053 2345 3105 tres

323 3119 586 3188 aequales
625 3122 684 3173 et
718 3121 834 3172 tres
871 3118 961 3172 his
997 3136 1052 3174 ω.
1099 3121 1118 3189 ΙΙ
1167 3125 1234 3174 16
1275 3120 1479 3174 debere
1518 3120 1595 3175 G:
1646 3120 1719 3174 -ri
1756 3121 1873 3176 HS
1904 3123 1989 3190 (cf.
2034 3125 2289 3190 134,23).
2326 3121 2347 3193 11

323 3195 388 3243 17
426 3190 501 3245 is:
539 3189 629 3244 his
655 3208 711 3245 x.
742 3192 760 3259 ΙΙ
790 3195 856 3243 18
895 3189 1193 3244 excluserit
1219 3191 1290 3246 H
1319 3192 1431 3259 (·sa
1468 3190 1575 3244 erit
1604 3192 1745 3262 GS).
1781 3194 1789 3261 Ι
1820 3191 1908 3245 vis
1940 3192 2181 3246 molesta
2208 3192 2344 3247 HS:

321 3260 562 3316 molesta
595 3259 683 3315 vis
725 3261 793 3315 G.
841 3263 849 3330 Ι
887 3265 952 3314 19
994 3261 1246 3315 derectos
1281 3279 1337 3318 ω.
1372 3265 1381 3331 Ι
1412 3264 1612 3316 ventus
1651 3263 1767 3318 HS
1801 3265 1933 3331 (-tos
1976 3265 2061 3331 G).
2103 3264 2123 3331 ΙΙ
2164 3266 2232 3314 23
2271 3262 2345 3316 ad

321 3335 442 3401 (pro
481 3333 576 3402 ab)
614 3330 832 3402 regioni
872 3349 938 3384 us
967 3332 1093 3387 HG
1131 3334 1186 3401 (a
1223 3349 1339 3403 reg.
1370 3333 1452 3403 S).
1488 3334 1497 3404 Ι
1530 3332 1875 3388 detectioncs
1905 3334 1973 3387 H
1978 3333 2021 3388 S
2055 3341 2189 3400 (non
2218 3333 2306 3402 G).
2326 3333 2347 3408 Η

323 3402 438 3456 261
467 3403 588 3474 (ei):
615 3403 677 3457 hi
701 3401 856 3471 spi}
883 3403 975 3472 H)
1001 3420 1055 3458 cc.
1113 3405 1182 3470 cf.
1205 3421 1264 3474 p.
1299 3408 1426 3472 117,
1448 3408 1533 3459 17.
1571 3407 1703 3472 217,
1722 3409 1772 3460 3.
1809 3406 1829 3474 ΙΙ
1866 3409 1933 3457 28
1961 3403 2119 3458 venti
2151 3403 2342 3474 G(S⁶):

320 3473 503 3528 ventis
541 3475 631 3541 H,
676 3477 790 3527 -tos
828 3473 882 3530 S.
925 3475 934 3544 Ι
976 3473 1482 3546 animadverterint
1518 3475 1651 3530 HS:
1697 3473 2042 3529 adverterint
2081 3475 2147 3531 G.
2192 3476 2200 3547 Ι
2242 3473 2344 3528 cir-

323 3547 533 3614 cum(-1‘1
561 3544 808 3614 S)itione
837 3544 905 3597 H
910 3545 972 3600 S:
1009 3544 1337 3602 circuitione
1370 3546 1435 3602 G.
