2664 3927
770 200 866 253 DE
903 198 1466 255 ARCHITECTURA
1500 200 1633 254 LIB.
1672 200 1818 269 VIII,
1858 206 1889 253 3
2215 199 2339 263 197

216 361 303 413 (25)
324 354 397 410 et'
454 352 813 411 lacertarum
871 351 1354 426 reliquarumque
1405 346 1412 429 Ι
1467 352 1828 426 serpentium
1893 368 2026 410 ossa
2089 350 2345 409 iacentia

322 442 629 516 apparent.
2119 494 2124 500 .

187 538 305 593 200
460 522 467 611 Ι
497 530 651 588 Item
696 531 839 589 sunt
882 530 1205 588 nonnullae
1251 528 1456 587 acidae
1499 548 1685 588 venae
1731 528 2006 602 fontium,
2051 530 2142 586 uti
2185 528 2344 603 Lyn-

324 622 481 677 cesto
538 622 599 677 et
650 618 714 676 in
758 618 941 677 Italia
982 618 1229 692 Veline,
1283 616 1613 693 Campania
1656 618 1853 677 Teano
1901 618 2152 693 aliisque
2199 616 2344 675 locis

269 727 295 767 5
322 708 611 783 pluribuS,
655 726 805 782 quae
849 707 1003 765 hanc
1037 707 1258 765 habent
1292 708 1579 766 virtutem
1614 707 1705 764 uti
1742 707 1998 765 calculos
2035 706 2099 764 in
2135 704 2345 765 vesicis

324 796 429 872 qui
490 798 816 854 nascuntur
874 797 939 853 in
999 794 1340 871 corporibus
1393 796 1700 854 hominum
1752 795 2096 870 potionibus
2153 796 2351 853 discu-

244 896 303 947 (5)
322 887 498 944 tiant.
598 884 727 943 fieri
790 886 993 943 autem
1038 878 1049 962 Ι
1093 885 1206 942 hoc
1270 885 1625 943 naturaliter
1687 884 1821 945 ideo
1886 884 2124 945 videtur
2188 883 2346 959 quod
2387 898 2452 945 18

324 992 460 1034 acer
515 975 575 1031 et
627 972 833 1031 acidus
880 991 1053 1031 sucus
1101 972 1301 1031 subest
1345 972 1410 1030 in
1455 993 1525 1031 ea
1567 976 1754 1047 terra,
1806 993 1914 1049 per
1960 993 2138 1049 quam
2184 991 2346 1049 egre-

324 1063 553 1121 dientes
598 1080 785 1120 venae
829 1062 1211 1138 intinguntur
1258 1062 1602 1137 acritudine,
1649 1065 1709 1121 et
1742 1064 1832 1122 ita
1868 1081 2000 1121 cum
2035 1062 2099 1120 in
2136 1078 2348 1137 corpus

244 1171 298 1210 10
325 1150 611 1224 inierunt,
664 1150 957 1225 dissipant
1011 1170 1163 1226 quae
1220 1168 1291 1208 ex
1346 1170 1635 1226 aquarum
1688 1151 2054 1210 subsidentia
2107 1150 2172 1208 in
2223 1169 2348 1209 cor-

323 1239 565 1315 poribus
625 1239 1132 1298 exconcrescentia
1186 1239 1570 1298 offenderunt.
1665 1259 1845 1315 quare
1902 1242 2104 1297 autem
2157 1239 2346 1297 discu-

216 1338 303 1389 (10)
322 1328 552 1386 tiantur
614 1348 684 1386 ex
746 1328 931 1387 acidis
990 1347 1091 1387 eae
1145 1347 1271 1402 res,
1336 1328 1420 1387 sic
1476 1320 1806 1410 poslsumus
1863 1329 2350 1388 animadvertere.

325 1436 506 1476 ovum
548 1417 615 1474 in
660 1420 825 1475 aceto
873 1417 924 1475 si
970 1416 1197 1476 diutius
1242 1417 1508 1492 positum
1548 1417 1748 1487 fuerit,
1793 1420 1994 1476 cortex
2040 1416 2164 1475 eius
2200 1417 2348 1474 mol-

322 1506 505 1565 lescet
542 1508 601 1564 et
636 1505 1007 1564 dissolvetur.
1080 1507 1224 1564 item
1260 1504 1588 1581 plumbum,
1634 1506 1792 1583 quod
1831 1509 1920 1565 est
1954 1504 2349 1565 lentissimum

243 1614 295 1654 15
328 1598 387 1655 et
450 1594 891 1672 gravissimum,
958 1595 1010 1654 si
1072 1594 1136 1652 in
1189 1613 1329 1655 vase
1387 1596 1760 1653 conlocatum
1811 1595 1993 1653 fuerit
2047 1597 2108 1653 et
2159 1594 2250 1652 in·
2279 1612 2347 1652 eo

325 1686 558 1743 acetum
604 1684 921 1758 suffusum,
965 1683 1028 1740 id
1075 1686 1273 1741 autem
1318 1686 1592 1758 opertum
1638 1686 1697 1741 et
1743 1683 1993 1742 oblitum
2041 1684 2178 1759 erit,
2225 1682 2348 1741 effi-

324 1775 515 1831 cietur
566 1772 658 1830 uti
710 1772 1020 1847 plumbum
1074 1772 1460 1847 dissolvatur,
1517 1776 1577 1831 et
1629 1772 1735 1830 fiet
1781 1791 2034 1831 cerussa.
2127 1771 2348 1830 eisdem
2387 1786 2452 1834 19

215 1854 335 1942 (15)Ι
366 1860 697 1919 rationibus
744 1879 861 1935 aeS,
907 1861 1066 1937 quod
1113 1861 1294 1919 etiam
1341 1861 1616 1919 solidiore
1663 1863 1754 1920 est
1799 1857 2031 1934 natura,
2077 1861 2349 1919 similiter

325 1952 597 2008 curatum
641 1949 693 2008 si
737 1950 947 2024 fuerit,
1001 1949 1387 2026 dissipabitur
1433 1953 1493 2010 et
1526 1950 1630 2009 fiet
1676 1971 1910 2028 aerugo.
2001 1951 2146 2009 item
2189 1971 2348 2008 mar—

246 2059 299 2097 20
326 2039 537 2116 garita.
609 2057 730 2096 non
772 2038 967 2098 minus
1016 2057 1157 2098 saxa
1202 2039 1423 2114 silicea,
1468 2059 1619 2116 quae
1665 2059 1855 2116 neque
1900 2041 2122 2099 ferrum
2157 2059 2348 2116 neque

322 2127 479 2204 ignis
525 2129 726 2202 potest
768 2146 877 2202 per
914 2147 981 2186 -se
1028 2128 1376 2203 dissolvere,
1431 2148 1564 2187 cum
1611 2129 1683 2188 ab
1731 2129 1860 2206 igni
1905 2131 2042 2188 sunt
2085 2129 2346 2204 percale-

322 2217 510 2289 facta,
566 2218 732 2275 aceto
788 2234 992 2291 sparso
1050 2217 1351 2276 dissiliunt
1407 2220 1467 2276 et
1511 2219 1936 2278 dissolvuntur.
2029 2236 2167 2294 ergo
2215 2236 2349 2276 cum

218 2315 303 2366 (20)
321 2306 429 2364 has
483 2323 577 2362 res
634 2307 772 2364 ante
818 2306 1018 2364 oculos
1064 2307 1153 2364 ita
1194 2302 1203 2384 Ι
1242 2306 1372 2365 fieri
1416 2307 1746 2383 videamus,
1803 2307 2223 2365 ratiocinemur
2267 2306 2345 2364 is-

322 2395 457 2453 dem
511 2393 841 2453 rationibus
896 2414 968 2452 ex
1021 2394 1202 2453 acidis
1258 2398 1504 2471 propter
1558 2396 1946 2455 acritudinem
1993 2396 2118 2454 suci
2164 2394 2346 2454 etiam

243 2503 294 2542 25
324 2484 649 2542 calculosos
699 2502 729 2542 e
774 2485 989 2543 natura
1032 2504 1231 2542 rerum
1278 2485 1552 2544 similiter
1595 2503 1767 2560 posse
1815 2485 2025 2543 curari.

458 2571 611 2630 Sunt
673 2573 875 2630 autem
939 2571 1119 2630 etiam
1180 2573 1376 2632 fontes
1441 2575 1534 2631 uti
1594 2573 1732 2632 vino
1797 2575 1996 2647 mixti,
2067 2572 2344 2648 quemad·
2383 2586 2452 2633 20

320 2662 563 2719 modum
618 2663 708 2719 est
760 2679 915 2719 unus
962 2661 1434 2738 Paphlagoniae,
1488 2681 1557 2720 ex
1615 2681 1732 2737 quo
1783 2682 1912 2720 eam
1960 2682 2175 2738 aquam
2219 2663 2346 2720 sine

464 2853 496 2900 3
532 2847 637 2917 ly(i
664 2848 725 2903 E
734 2848 999 2917 G)ncesto
1036 2850 1155 2919 (sic)
1181 2866 1223 2904 x
1252 2851 1336 2918 (ut
1362 2853 1668 2918 λυγκηιετω
1698 2849 1819 2905 Ecl.
1849 2849 2012 2904 Flor.
2040 2851 2106 2905 de
2133 2850 2298 2917 min).
2325 2848 2348 2921 ΙΙ

320 2925 355 2972 4
391 2918 579 2973 velino
631 2919 832 2988 Plias:
868 2918 1077 2973 uienna
1112 2937 1168 2974 ω.
1219 2921 1227 2989 Ι
1276 2919 1486 2974 theano
1521 2939 1586 2975 x.
1632 2921 1652 2989 ΙΙ
1705 2925 1737 2974 5
1775 2919 1861 2974 uti
1888 2921 2024 2976 HS:
2061 2922 2127 2975 ut
2152 2921 2289 2976 EG.
2331 2920 2340 2992 Ι

320 2989 555 3044 vessicis
625 3033 638 3044 .
666 2991 685 3058 ΙΙ
713 2995 744 3044 9
772 2989 1131 3059 intinguntur
1157 2991 1378 3045 HEG:
1415 2993 1688 3062 -guuntur
1715 2991 1768 3046 S.
1804 2993 1812 3061 Ι
1845 2991 1905 3044 111
1934 2994 2006 3062 (a.
2035 2994 2101 3062 c.)
2130 3009 2230 3046 om.
2251 2991 2306 3046 S.
2325 2991 2346 3064 ΙΙ

323 3066 391 3114 10
410 3060 660 3116 inierunt
676 3079 717 3115 x
738 3060 871 3127 (-int
890 3061 1079 3130 S⁰E⁶).
1108 3064 1128 3131 ΙΙ
1159 3069 1219 3115 11
1242 3061 1371 3132 &(et
1392 3061 1704 3132 G)concre(i
1725 3069 1851 3118 ante
1878 3080 2014 3118 corr.
2036 3063 2102 3116 Η
2106 3063 2346 3132 >scentia

319 3149 373 3186 x.
426 3133 435 3202 Ι
486 3130 821 3186 offenderint
846 3131 941 3185 ΕΟ.
996 3134 1016 3201 ΙΙ
1071 3138 1136 3186 12
1176 3147 1277 3186 eae
1314 3132 1533 3188 HEG:
1568 3132 1642 3207 he
1680 3133 1736 3188 S.
1790 3136 1809 3204 ΙΙ
1864 3139 1934 3187 13
1966 3132 2246 3188 mollescit
2282 3134 2352 3189 H

322 3204 457 3272 (-cet
494 3203 705 3273 EGS).
763 3205 783 3274 ΙΙ
839 3207 905 3256 15
941 3219 1113 3257 vasae
1142 3204 1210 3257 Η
1242 3205 1382 3272 (-sae
1409 3205 1501 3272 L0,
1539 3221 1622 3277 -se
1653 3205 1757 3273 El,
1799 3221 1881 3259 —se
1919 3205 2063 3273 Gsc,
2097 3221 2182 3258 -so
2219 3206 2288 3274 v).

322 3279 389 3326 17
418 3272 521 3328 fiat
546 3291 600 3328 aa·
636 3275 643 3344 Ι
675 3289 830 3327 ceros
860 3272 903 3328 S
934 3276 1017 3342 (ut
1050 3275 1203 3330 codd.
1232 3276 1366 3330 med.
1396 3292 1498 3330 rec.
1529 3277 1598 3343 cf.
1634 3274 1830 3331 Theod.
1862 3277 2036 3330 Prisc.
2060 3294 2118 3344 p.
2151 3277 2295 3345 501).

324 3349 389 3398 19
427 3344 525 3399 fiet
561 3345 699 3400 HS:
752 3345 855 3398 fiat
892 3345 1031 3400 EG.
1093 3348 1101 3412 Ι
1158 3344 1496 3416 margarita:
1550 3349 1632 3402 sic
1664 3365 1705 3402 a:
1749 3350 1842 3416 (sc.
1881 3345 2296 3416 dissipabitur).'

322 3420 391 3469 20
428 3415 588 3471 silice
610 3415 619 3488 Ι
642 3431 823 3484 aquae
856 3415 938 3483 H,
974 3414 1169 3470 silicea
1205 3433 1313 3490 que
1344 3417 1480 3473 EG.
1526 3419 1545 3487 ΙΙ
1592 3423 1656 3470 21
1695 3417 1827 3488 igne
1857 3417 1910 3472 S.
1956 3419 1974 3486 ΙΙ
2020 3422 2086 3470 23
2125 3415 2344 3470 hisdem

320 3503 377 3542 x.
406 3490 427 3556 ΙΙ
451 3492 521 3541 26
559 3489 747 3541 autem
784 3503 885 3542 om.
918 3487 970 3541 S.
1009 3489 1027 3554 11
1064 3493 1129 3540 27
1169 3503 1295 3541 eam
1332 3505 1538 3557 aquam
1565 3490 1711 3544 EG:
1751 3505 1876 3542 eam
1903 3490 1984 3557 H,
2021 3505 2118 3542 om.
2150 3488 2195 3543 S
2225 3490 2346 3558 (ubi

322 3572 391 3610 ex
426 3575 537 3626 quo
573 3559 837 3628 potantes
875 3557 993 3612 sine
1029 3557 1161 3613 vino
1198 3557 1243 3613 f..
1274 3561 1354 3630 t.).
2345 3587 2352 3594 ·
