2664 3927
701 182 798 236 DE
837 181 1396 238 ARCHITECTURA
1432 182 1565 237 LIB.
1603 182 1747 252 VIII,
1785 189 1833 236 2.
1874 189 1905 234 3
2189 183 2312 246 189

186 346 275 397 (10)
295 335 514 394 montis
568 333 834 392 Atlantis
889 327 1112 410 (sunt)
1167 333 1288 391 alia
1346 333 1545 409 capita
1596 334 1743 392 item
1782 328 1789 410 Ι
1830 334 2184 408 profluentia
2239 333 2315 391 ad

297 422 658 482 occidentem
692 425 757 480 in
795 419 1110 497 Oceanum,
1145 422 1347 497 ibique
1382 425 1705 481 nascuntur
1738 423 2155 482 ichneumones
2193 441 2316 481 cro-

297 511 476 570 codili
521 512 674 570 aliae
721 511 942 569 similes
997 511 1322 570 bestiarum
1365 513 1734 587 pisciumque
1779 514 2033 570 naturae
2079 515 2315 587 praeter

297 601 770 676 hippopotamos,

245 710 270 749 5
429 690 590 766 Ergo
646 708 779 746 cum
825 689 1023 747 omnia
1067 688 1311 747 flumina
1357 684 1655 767 <amplis>
1698 689 2205 766 magnitudinibus
2251 690 2315 745 in

298 779 456 836 orbis
493 781 786 836 terrarum
822 777 1311 852 descriptionibus
1352 799 1386 836 a
1414 778 1812 854 septentrione
1840 778 2156 837 videantur
2182 796 2315 852 pro-

192 880 278 930 (15)
298 867 478 926 fluere
514 858 782 947 Afiilque
829 866 1039 941 campi,
1086 866 1188 941 qui
1227 869 1367 924 sunt
1400 867 1464 924 in
1500 868 1841 925 meridianis
1876 866 2145 943 partibus
2183 866 2316 924 sub-

299 957 438 1014 iecti
502 956 641 1014 solis
706 957 928 1028 cursui,
991 955 1244 1013 latentes
1308 956 1546 1031 penitus
1609 956 1869 1014 habeant
1921 974 2153 1014 umores
2210 973 2317 1013 nec

298 1046 491 1103 fontes
540 1043 770 1102 crebros
819 1062 1134 1120 amnesque
1179 1062 1371 1118 raros,
1424 1045 1780 1119 relinquitur
1823 1045 1915 1102 uti
1960 1045 2150 1103 multo
2198 1063 2315 1102 me-

222 1157 274 1195 10
301 1133 451 1191 liora
515 1133 892 1191 inveniantur
954 1134 1152 1208 capita
1210 1133 1467 1190 fontium
1521 1152 1671 1207 quae
1727 1133 1803 1190 ad
1857 1135 2317 1209 septentrionem

305 1224 407 1280 aut
454 1222 791 1296 aquilonem
836 1224 1130 1297 spectant,
1177 1222 1294 1279 nisi
1340 1223 1391 1280 si
1435 1221 1751 1279 inciderint
1793 1222 1857 1279 in
1903 1223 2319 1297 sulphurosum

165 1310 496 1376 19210611111
543 1314 646 1368 aut
683 1312 1075 1369 aluminosum
1112 1329 1214 1369 seu
1255 1306 1263 1388 1
1303 1311 1745 1370 bituminosum.
1816 1312 1958 1368 tunc
1997 1311 2153 1368 enim
2186 1330 2318 1385 per-

303 1403 610 1458 mutantur
664 1402 723 1458 et
779 1403 882 1458 aut
935 1400 1161 1458 calidae
1218 1418 1406 1474 aquae
1462 1401 1567 1456 aut
1620 1398 1871 1475 frigidae
1928 1400 2105 1458 odore
2159 1401 2317 1458 malo

305 1492 364 1546 et
417 1507 625 1564 sapore
678 1489 1046 1564 profundunt
1096 1489 1306 1549 fontes,
1399 1507 1589 1562 neque
1644 1487 1802 1546 enim
1856 1488 2081 1547 calidae
2130 1507 2317 1562 aquae

225 1599 276 1639 15
306 1579 395 1636 est
448 1579 572 1636 ulla
625 1580 983 1653 proprietam,
1040 1577 1142 1652 sed
1188 1577 1407 1654 frigida
1454 1597 1607 1652 aqua
1654 1596 1786 1635 cum
1831 1577 2041 1635 incidit
2084 1595 2319 1652 percur-

225 1679 284 1730 (5)
303 1685 437 1725 rens
475 1668 536 1724 in
575 1667 876 1725 ardentem
912 1667 1108 1725 locum
1144 1667 1471 1725 effervescit
1500 1669 1559 1724 et
1583 1657 1995 1747 percale{facta
2024 1665 2321 1742 egreditur

303 1775 410 1830 per
462 1775 642 1814 venas
697 1758 862 1813 extra
914 1757 1148 1813 terram.
1239 1755 1372 1813 ideo
1420 1755 1641 1813 diutius
1687 1773 1806 1812 non
1850 1758 2049 1831 potest
2091 1774 2319 1830 perma-

307 1863 469 1917 nere,
525 1844 627 1902 sed
679 1843 846 1902 brevi
892 1844 1084 1919 spatio
1131 1844 1200 1901 fit
1243 1844 1481 1920 frigida.
1571 1863 1825 1918 namque
1874 1844 1923 1902 si
1968 1843 2321 1902 naturaliter

309 1935 464 1991 esset
517 1931 732 2007 calida,
787 1951 905 1992 non
960 1933 1409 2009 refrigeraretur
1464 1932 1623 1992 calor
1669 1933 1810 1993 eius.
1902 1952 2077 2009 sapor
2123 1936 2322 1994 autem

229 2044 282 2081 20
310 2024 370 2078 et
425 2022 567 2079 odor
623 2024 682 2079 et
737 2024 896 2080 color
951 2024 1074 2081 eius
1130 2042 1250 2080 non
1302 2023 1662 2097 restituitur,
1721 2023 1879 2098 quod
1930 2024 2215 2081 intinctus
2264 2026 2323 2081 et

311 2110 659 2169 commixtus
706 2114 797 2169 est
840 2114 1084 2186 propter
1128 2114 1377 2169 naturae
1422 2111 1745 2169 raritatem.
1980 2124 1983 2129 ·

201 2212 289 2263 (10)
446 2190 454 2279 Ι
489 2198 640 2257 Sunt
694 2202 891 2257 autem
945 2200 1124 2258 etiam
1177 2200 1449 2259 nonnulli
1494 2202 1688 2259 fontes
1734 2200 1938 2274 calidi,
1994 2220 2062 2259 ex
2110 2200 2321 2275 quibus
2353 2208 2429 2260 III

309 2288 551 2363 profluit
597 2307 754 2364 aqua
799 2308 1006 2364 sapore
1054 2291 1296 2364 optim0‚
1343 2308 1494 2364 quae
1539 2290 1603 2347 in
1648 2290 1889 2364 potione
1935 2291 2023 2347 ita
2064 2292 2155 2347 est
2190 2308 2321 2347 sua-

308 2379 400 2436 vis
454 2377 547 2435 uti
597 2396 704 2435 nec
758 2378 1002 2437 fontalis
1051 2378 1122 2436 ab
1172 2378 1442 2437 Camenis
1489 2398 1596 2437 nec
1640 2378 1865 2437 Marcia
1910 2378 2127 2437 saliens
2171 2377 2322 2437 desi-

230 2487 281 2527 15
309 2465 562 2524 deretur.
634 2467 779 2524 haec
827 2469 1025 2525 autem
1071 2466 1144 2523 ab
1180 2469 1396 2525 natura
1430 2466 1816 2542 perficiuntur
1850 2468 1941 2525 his
1978 2467 2322 2525 rationibus,

311 2574 444 2612 cum
497 2556 561 2612 in
613 2554 733 2613 imo
786 2575 893 2630 per
948 2555 1181 2613 alumen
1237 2558 1342 2613 aut
1394 2555 1659 2614 bitumen
1714 2575 1817 2614 seu
1871 2556 2119 2631 sulphur
2166 2556 2322 2632 ignis

201 2656 289 2707 (15)
311 2643 618 2719 excitatur,
660 2640 667 2721 Ι
711 2645 917 2702 ardore
962 2644 1399 2719 percandefacit
1441 2647 1662 2703 terram
1710 2664 1860 2719 quae
1908 2648 1997 2703 est
2042 2664 2237 2720 supra,
2290 2665 2324 2703 a

457 2837 519 2883 11
561 2830 794 2884 atlantis
829 2830 897 2883 H
902 2830 1092 2900 S(Gc):
1131 2830 1403 2884 antlantis
1434 2831 1569 2885 EG.
1604 2834 1612 2899 Ι
1646 2833 1775 2884 sunt
1809 2848 1908 2885 om.
1946 2849 2001 2885 x.
2048 2833 2067 2901 ΙΙ
2112 2838 2143 2884 2
2184 2830 2325 2885 0661-

314 2902 539 2955 dentem
577 2918 847 2956 oceanum
882 2920 937 2956 x.
983 2908 992 2968 Ι
1038 2900 1304 2955 crocodili
1342 2901 1506 2972 (-doli
1542 2909 1667 2956 ante
1703 2905 1864 2972 corr.)
1892 2903 1973 2970 H,
2009 2901 2159 2955 -dilli
2187 2903 2327 2970 EG,

314 2972 492 3026 -drilli
528 2974 581 3028 S.
637 2976 656 3043 u
709 2978 744 3025 4
779 2972 1211 3054 hippopotamos
1238 2973 1307 3027 H
1311 2972 1375 3027 S:
1412 2972 1769 3042 hippotamos
1797 2973 1869 3041 E,
1906 2972 2324 3044 inpropotamos

317 3044 383 3098 G.
412 3047 431 3113 ΙΙ
460 3049 491 3097 5
518 3044 750 3097 flumina
775 3042 1262 3113 magmtudinibus
1291 3044 1474 3113 (-nib;)
1502 3046 1580 3098 sic
1597 3060 1638 3098 x
1656 3045 2021 3114 (inserendum
2050 3044 2287 3113 amplis).
2305 3045 2325 3118 ΙΙ

315 3120 346 3167 6
386 3132 420 3168 a
458 3118 834 3185 septentrione
862 3116 932 3169 H
962 3117 1094 3184 (non
1129 3115 1189 3167 E
1199 3114 1343 3183 Gs).
1399 3118 1417 3185 ΙΙ
1471 3120 1503 3168 8
1541 3114 1752 3169 habent
1786 3133 1840 3170 ω.
1888 3117 1907 3185 ΙΙ
1952 3121 1983 3167 9
2024 3131 2323 3184 amnesque

315 3186 384 3238 Η
386 3187 576 3255 S(G0):
616 3202 919 3255 amnesque
948 3186 1083 3241 EG.
1112 3187 1132 3255 ΙΙ
1162 3192 1226 3238 12
1256 3186 1693 3240 aluminatosum
1721 3187 1782 3240 Ε
1805 3194 1856 3242 et
1882 3194 2009 3241 ante
2035 3203 2171 3241 corr.
2202 3186 2326 3240 GH

313 3259 448 3326 (mm
473 3257 554 3325 S).
584 3260 604 3327 ΙΙ
633 3264 697 3311 13
727 3259 786 3311 et
812 3274 911 3312 om.
940 3275 995 3312 x.
1025 3259 1044 3326 ΙΙ
1075 3261 1142 3311 14
1176 3258 1346 3331 111·οῳ
1379 3257 1695 3325 G)fundunt
1722 3257 1791 3311 H
1799 3258 1868 3326 G,
1902 3256 2326 3327 per(p)fundunt

315 3328 372 3394 S,
407 3328 652 3396 produnt
678 3330 748 3383 E.
778 3332 796 3397 ΙΙ
826 3333 891 3382 18
923 3329 1020 3382 sed
1048 3329 1116 3381 H
1119 3328 1310 3398 S(G<³):
1352 3328 1454 3382 sub
1484 3329 1619 3383 EG.
1648 3332 1666 3399 ΙΙ
1697 3335 1762 3382 19
1801 3327 1954 3383 calor
1981 3327 2100 3382 eius
2131 3328 2323 3384 Eos:

315 3396 615 3453 calcoleius
642 3400 721 3453 H.
776 3401 796 3469 ΙΙ
848 3404 915 3452 20
953 3399 1104 3453 60101
1140 3400 1221 3454 E:
1264 3399 1416 3453 calor
1452 3399 1641 3455 ΗΒΘ.
1696 3402 1717 3469 ΙΙ
1770 3405 1837 3453 22
1876 3398 2050 3453 etiam
2085 3416 2186 3453 om.
2215 3398 2268 3453 S.
2306 3399 2327 3471 ΙΙ

317 3474 384 3521 23
423 3474 508 3523 est
545 3470 730 3524 suavis
760 3470 828 3523 H
833 3493 845 3523 ι
885 3470 1072 3523 suavis
1110 3471 1197 3524 est
1225 3470 1411 3525 EGS.
1466 3474 1484 3541 ΙΙ
1538 3476 1607 3524 24
1646 3469 1965 3525 abeamenis
1998 3470 2067 3523 H
2075 3469 2215 3525 EG:
2254 3470 2326 3524 de

316 3540 560 3593 camenis
589 3541 641 3596 S.
679 3543 698 3611 ss
736 3546 800 3593 27
837 3558 1006 3611 supra
1043 3557 1101 3598 se
1139 3544 1329 3597 autem
1357 3543 1426 3596 Η
1430 3542 1490 3596 Ε
1498 3542 1569 3611 G,
1606 3557 1773 3610 supra
1795 3584 1806 3595 .
1827 3558 1886 3595 se
1924 3543 2113 3596 autem
2141 3541 2324 3611 S(G.⁶>.
