2664 3927
773 195 869 249 DE
905 194 1466 250 ARCHITECTURA
1502 195 1635 250 LIB.
1674 195 1767 266 VI,
1808 202 1836 250 1
2190 197 2317 261 135

295 350 496 406 autem
540 347 806 423 reliquae
852 346 929 406 ad
973 347 1231 406 mediam
1278 345 1591 406 Graeciam
1644 347 2008 407 remissiores
2056 347 2321 408 efficiunt

293 437 356 494 in
393 435 735 496 nationibus
772 453 1052 494 sonorum
1088 437 1444 510 scansioneS,
1480 437 1626 496 item
1663 455 1700 495 a
1735 436 1929 496 medio
1961 437 2026 494 in
2054 437 2320 497 ordinem

184 535 275 586 (1⁰)
295 525 604 586 crescendo
651 525 729 583 ad
775 527 1064 584 extremos
1111 526 1543 601 septentriones
1586 525 1694 584 sub
1735 520 1743 604 Ι
1786 524 2133 585 altitudines
2171 527 2319 586 caeli

293 614 605 673 nationum
663 613 908 689 spiritus
972 613 1263 674 sonitibus
1327 614 1698 692 gravioribus
1757 634 1793 674 a
1844 617 2061 674 natura
2122 633 2321 674 rerum

238 721 264 762 5
296 703 719 780 exprimuntur.
818 701 909 761 ita
962 703 1198 762 videtur
1250 704 1457 762 mundi
1512 703 1819 780 conceptio
1882 706 2015 763 tota
2076 707 2322 779 propter

293 791 742 852 inclinationem
798 791 1326 852 consonantissime
1381 812 1489 869 per
1543 793 1685 852 solis
1732 796 2198 870 temperaturam
2245 793 2322 851 ad

292 881 668 940 harmoniam
695 898 820 939 esse
858 881 1205 956 composita.
1269 881 1456 958 igitur
1492 901 1642 957 quae
1679 882 1951 943 nationes
1990 885 2129 942 sunt
2166 882 2321 940 inter

295 970 422 1030 axis
468 968 782 1028 meridiani
830 967 1129 1027 cardinem
1184 987 1254 1028 ac
1299 971 1782 1046 septentrionalis
1828 972 2023 1031 medio
2069 972 2322 1048 positae,

184 1067 276 1120 (1⁵)
295 1058 387 1117 uti
427 1053 436 1137 Ι
476 1059 540 1117 in
586 1058 1016 1135 diagrammate
1062 1058 1286 1117 musico
1339 1058 1647 1118 medianae
1690 1061 1853 1120 vocis
1898 1060 2121 1120 habent
2167 1061 2322 1121 soni·

215 1167 268 1206 10
294 1151 426 1206 tum
459 1147 524 1205 in
561 1165 846 1222 sermone,
892 1166 1159 1223 quaeque
1193 1147 1711 1224 progredientibus
1750 1149 1824 1207 ad
1862 1150 2323 1225 septentrionem

295 1238 435 1294 sunt
478 1236 769 1311 nationeS,
814 1236 974 1312 quod
1013 1237 1256 1296 altiores
1291 1236 1516 1296 habent
1552 1237 1869 1296 distantias
1908 1238 1986 1295 ad
2020 1237 2325 1312 mundum,

297 1326 542 1400 spiritus
579 1325 741 1385 vocis
776 1325 1062 1384 habentes
1100 1344 1303 1384 umore
1340 1326 1607 1401 repulsos
1646 1324 1723 1384 ad
1766 1324 2025 1401 hypatas
2064 1329 2127 1385 et
2159 1345 2324 1402 pros-

294 1413 816 1489 lambanomenon,
872 1433 908 1472 a
953 1417 1171 1474 natura
1215 1433 1415 1473 rerum
1460 1414 1663 1474 sonitu
1711 1414 1985 1491 graviore
2032 1417 2327 1492 coguntur

185 1513 275 1563 (20)
293 1504 401 1562 uti.
475 1503 682 1563 eadem
722 1495 730 1586 Ι
770 1504 1002 1562 ratione
1049 1522 1080 1562 e
1119 1502 1315 1562 medio
1351 1502 1871 1580 progredientibus
1906 1503 1985 1562 ad
2019 1503 2326 1562 meridiem

215 1609 266 1650 15
295 1595 499 1669 gentes
571 1595 996 1670 paranetarum
1067 1587 1543 1670 <netarum>que
1617 1592 2025 1652 acutissimam
2097 1593 2325 1660 sonitus

292 1681 456 1741 vocis
510 1681 825 1757 perficiunt
877 1680 1253 1740 tenuitatem.
1353 1681 1467 1742 hoc
1520 1683 1724 1742 autem
1778 1701 1987 1741 verum
2041 1699 2194 1756 esse,
2254 1700 2323 1739 ex

294 1769 512 1828 umidis
559 1773 809 1829 naturae
854 1769 1000 1829 locis
1047 1770 1322 1846 graviora
1367 1770 1496 1829 fieri
1542 1773 1603 1829 et
1640 1789 1709 1830 ex
1753 1771 1999 1830 fervidis
2043 1771 2326 1846 acutiora,

158 1864 274 1920 137
297 1858 438 1917 licet
491 1859 580 1916 ita
635 1857 988 1935 experiendo
1028 1853 1038 1936 Ι
1079 1859 1567 1918 animadvertere.
1661 1860 1872 1920 calices
1927 1860 2044 1919 duo
2099 1860 2163 1919 in
2207 1878 2327 1918 una

297 1948 536 2007 fornace
585 1966 770 2023 aeque
813 1947 965 2007 cocti
1003 1966 1315 2025 aequoque
1352 1949 1611 2025 pondere
1648 1947 1726 2009 ad
1762 1949 2172 2027 crepitumque
2208 1968 2326 2009 uno

217 2056 270 2095 20
297 2036 498 2097 sonitu
534 2041 860 2096 sumantur.
935 2057 1005 2097 ex
1039 2038 1134 2097 his
1168 2057 1324 2097 unus
1360 2038 1425 2097 in
1461 2057 1680 2114 aquam
1708 2039 2077 2114 demittatur,
2110 2042 2319 2116 postea

299 2145 371 2185 ex
417 2145 573 2201 aqua
618 2126 930 2202 eximatur,
973 2129 1118 2185 tunc
1163 2127 1405 2202 utrique
1450 2130 1794 2206 tangantur.
1867 2147 2001 2187 cum
2039 2128 2196 2187 enim
2240 2128 2327 2187 ita

220 2224 280 2275 (5)
298 2216 532 2274 factum
566 2215 765 2290 fuerit,
802 2215 1050 2293 largiter
1074 2216 1234 2275 inter
1271 2209 1282 2295 Ι
1323 2234 1422 2275 eos
1460 2218 1691 2276 sonitus
1720 2216 2077 2293 discrepabit
2114 2235 2327 2293 aequo-

302 2323 416 2380 que
461 2303 720 2379 pondere
765 2322 885 2365 non
929 2307 1212 2380 poterunt
1257 2323 1401 2365 esse.
1490 2306 1579 2364 ita
1627 2309 1686 2365 et
1729 2306 2035 2365 hominum
2082 2323 2329 2381 corpora

295 2413 417 2453 uno
473 2412 686 2470 genere
739 2392 1112 2469 figurationis
1169 2396 1229 2452 et
1281 2412 1403 2451 una
1457 2394 1664 2453 mundi
1720 2395 2132 2454 coniunctione
2192 2413 2327 2454 con-

219 2500 270 2541 35
299 2484 471 2558 cepta
519 2482 638 2541 alia
681 2484 929 2557 propter
964 2483 1224 2559 regionis
1270 2482 1545 2543 ardorem
1580 2486 1826 2543 acutum
1863 2484 2140 2561 spiritum
2176 2484 2329 2543 aeris

299 2572 639 2647 exprimunt
683 2573 870 2647 tactu,
913 2571 1034 2629 alia
1078 2574 1324 2647 propter
1369 2571 1591 2631 umoris
1641 2572 2067 2632 abundantiam
2103 2574 2347 2651 gravis--

303 2661 483 2719 simas
532 2659 842 2719 effundunt
888 2678 1167 2719 sonorum
1215 2660 1556 2735 qualitates.
1880 2638 1911 2673 ⁸

441 2852 469 2899 1
512 2848 727 2902 autem:
767 2862 930 2900 axem
958 2847 1019 2901 Ε
1047 2848 1180 2915 (non
1211 2846 1298 2917 G).
1336 2847 1344 2919 Ι
1375 2846 1798 2903 remissionibus
1834 2865 1889 2903 x.
1920 2850 1938 2917 n
1967 2855 1998 2902 2
2038 2848 2329 2903 cansiones

296 2917 429 2985 HS,
466 2916 749 2972 cassiones
781 2918 853 2986 G,
889 2916 1234 2972 concisiones
1265 2918 1339 2973 E.
1368 2921 1387 2989 ΙΙ
1412 2924 1448 2973 4
1478 2918 1693 2973 sonitus
1722 2919 2078 2988 gravioribus
2106 2919 2241 2974 HE
2251 2921 2328 2976 G:

298 2986 486 3042 sonitu
517 2987 765 3057 graviori
797 3032 808 3044 .
842 3031 853 3043 .
887 3032 896 3042 .
927 2988 1302 3059 (exprimitur)
1330 2991 1384 3045 S.
1415 2990 1434 3061 ΙΙ
1463 2995 1494 3043 8
1533 3006 1625 3048 act
1664 2990 1737 3044 ab
1764 3008 1821 3046 x.
1852 2993 1871 3062 ΙΙ
1898 2996 1929 3045 9
1958 2989 2119 3045 india
2144 3006 2328 3063 gram-

295 3061 449 3114 mate
487 3061 704 3130 (grama
795 3060 880 3129 Ε)
911 3060 1106 3117 EGS:
1144 3058 1305 3115 india
1342 3061 1621 3135 gra1mata
1650 3062 1725 3116 H.
1755 3063 1773 3133 ΙΙ
1804 3066 1867 3115 11
1908 3062 1982 3116 ad
2010 3061 2206 3116 mundi
2232 3080 2288 3117 x.
2310 3062 2331 3135 ΙΙ

298 3135 364 3183 12
402 3129 648 3201 hypatas
749 3130 837 3187 Sc,
873 3129 1050 3202 hyp(b
1080 3132 1294 3202 E)atos
1323 3133 1446 3189 EG
1481 3139 1533 3189 et
1567 3140 1693 3188 ante
1730 3150 1867 3189 corr.
1898 3133 1951 3189 S.
1988 3135 1997 3202 Ι
2027 3149 2158 3203 pros
2184 3133 2329 3186 lam-

295 3200 637 3256 banomenos
674 3218 732 3256 x.
759 3203 779 3272 ΙΙ
809 3206 876 3255 14
915 3217 944 3256 e
982 3219 1082 3259 om.
1110 3220 1166 3259 x.
1205 3205 1224 3273 ΙΙ
1262 3207 1328 3257 15
1367 3206 1877 3273 paranetarumque
1916 3207 2028 3271 (-1·ἱ“1
2102 3218 2210 3257 uae
2242 3204 2327 3274 E)

296 3289 356 3341 x,
391 3274 484 3329 sed
516 3289 638 3328 cum
666 3274 790 3328 albo
817 3288 958 3343 para
1035 3273 1172 3347 {riiq‚
1199 3275 1252 3331 S.
1283 3277 1302 3345 ΙΙ
1332 3280 1399 3328 18
1428 3274 1808 3346 experimento
1836 3276 1891 3332 S.
1920 3277 1941 3345 ΙΙ
1967 3280 2035 3328 20
2104 3273 2327 3329 emitta-

298 3346 392 3397 tur
420 3343 489 3398 H
491 3342 685 3416 S(Gc)=
717 3342 1040 3399 dimittatur
1065 3346 1203 3401 EG.
1233 3348 1253 3417 ΙΙ
1280 3352 1346 3399 21
1379 3345 1681 3403 eximatur:
1712 3348 1965 3400 sumatur
1990 3346 2045 3402 S.
2074 3347 2093 3415 ΙΙ
2121 3351 2188 3399 22
2217 3344 2329 3400 lar-

299 3413 473 3483 giter:
511 3414 754 3469 multum
791 3415 843 3470 S.
897 3420 906 3485 Ι
958 3415 1305 3487 discrepauit
1331 3418 1401 3473 H
1431 3417 1564 3487 (-bit
1590 3419 1651 3473 E
1661 3418 1805 3486 ΘΕ).
1860 3418 1879 3487 ΙΙ
1934 3420 2002 3469 23
2040 3415 2329 3471 hominum

294 3500 549 3625 goz-pgr&
571 3484 706 3542 HS:
756 3502 990 3557 corpora
1033 3487 1324 3543 hominum
1361 3488 1499 3545 EG.
1554 3490 1575 3559 ΙΙ
1628 3494 1695 3544 26
1732 3490 1893 3543 tactu
1931 3487 2062 3542 HE
2074 3488 2149 3546 G:
2196 3490 2327 3543 actu

391 3574 432 3611 u
553 3600 565 3613 .
