2664 3927
342 189 470 252 140
1185 184 1514 240 VITRUVH

471 331 480 421 Ι
510 339 643 398 Alis
690 339 896 397 dextra
943 355 1013 396 ac
1059 336 1300 397 sinistra
1344 336 1631 412 latitudo,
1678 355 1812 395 eum
1857 338 1937 396 sit
1982 337 2124 397 atrii
2167 336 2359 415 longi·
2381 345 2465 398 (1⁰)
2562 368 2567 375 ·

333 428 478 488 tudo
534 428 606 487 ab
653 446 776 486 xxx
824 425 1073 503 pedibus
1131 426 1206 484 ad
1258 425 1439 502 pedes
1485 444 1591 500 xn,
1648 445 1717 484 ex
1770 426 1950 485 tertia
2003 429 2177 502 parte
2231 427 2359 486 eius

335 517 750 578 constituatur.
842 515 914 574 ab
971 533 1051 573 xL
1107 515 1184 573 ad
1238 513 1417 595 pedes
1473 533 1511 573 L
1568 515 1877 592 longitudo
1933 514 2237 574 dividatur
2294 515 2360 573 in

332 610 533 682 partes
596 609 716 665 tres
771 600 1052 682 (semis),
1117 623 1186 662 ex
1248 604 1341 662 his
1398 623 1516 663 una
1569 623 1705 680 pars
1772 604 1883 663 alis
1939 605 2127 664 detur.
2226 623 2362 664 cum

333 699 534 755 autem
589 695 702 754 erit
763 693 1075 770 longitudo
1131 692 1207 751 ab
1261 693 1701 771 quinquaginta
1755 692 2006 769 pedibus
2061 693 2136 752 ad
2196 712 2358 753 sexa·
2388 712 2414 752 5

333 786 518 862 ginta,
565 787 779 860 quarta
823 801 962 857 pars
1005 778 1012 860 Ι
1053 782 1445 859 longitudinis
1494 783 1604 841 alis
1650 781 1964 841 tribuatur.
2038 802 2075 841 a
2109 782 2359 859 pedibus
2380 793 2466 844 (1⁵)

331 892 413 932 Lx
469 873 544 932 ad
597 890 761 930 Lxxx
823 870 1134 949 longitudo
1199 871 1507 930 dividatur
1565 872 1628 929 in
1690 875 1891 947 partes
1956 874 2247 948 quattuor
2300 875 2363 931 et

333 961 658 1035 dimidiam,
705 980 775 1019 ex
817 961 912 1020 his
947 980 1067 1020 una
1102 979 1239 1037 pars
1275 960 1385 1020 fiat
1420 962 1651 1019 alarum
1686 960 1962 1019 latitudo.
2038 981 2073 1018 a
2108 960 2361 1036 pedibus

335 1050 638 1127 octoginta
683 1049 760 1108 ad
805 1050 984 1125 pedes
1021 1053 1254 1109 eentum
1303 1050 1369 1108 in
1407 1050 1667 1125 quinque
1704 1051 1905 1124 partes
1943 1050 2134 1108 divisa
2171 1051 2362 1127 longi-

333 1139 482 1199 tudo
516 1139 739 1198 iustam
775 1140 1151 1198 constituerit
1185 1139 1565 1198 latitudinem
1602 1139 1849 1198 alarum.
1922 1138 2120 1198 trabes
2157 1158 2362 1198 earum
2390 1157 2441 1198 ιο

332 1229 635 1287 liminares
688 1229 776 1287 ita
832 1229 988 1288 altae
1043 1220 1367 1310 ponanfltur
1417 1231 1487 1286 ut
1542 1226 1889 1287 altitudines
1940 1227 2358 1287 latitudinibus
2380 1237 2466 1288 (20)

334 1318 455 1376 sint
501 1318 793 1392 aequales.

468 1406 781 1482 TabulinO,
827 1407 876 1466 si
922 1407 1179 1465 latitudo
1227 1405 1369 1464 atrii
1416 1405 1531 1463 erit
1576 1404 1798 1482 pedum
1832 1405 2069 1483 viginti,
2119 1406 2361 1482 dempta

330 1495 512 1554 tertia
557 1496 682 1554 eius
729 1496 944 1571 spatiO,
987 1495 1284 1570 reliquum
1329 1493 1645 1552 tribuatur.
1732 1495 1783 1554 si
1830 1495 1944 1553 erit
1991 1494 2062 1553 ab
2108 1494 2361 1570 pedibus

331 1603 455 1643 xxx
494 1585 568 1643 ad
605 1602 706 1659 xL,
743 1603 812 1642 ex
850 1582 991 1642 atrii
1028 1583 1346 1642 latitudine
1383 1582 1655 1642 tabulino
1695 1583 2007 1642 dimidium
2043 1583 2359 1643 tribuatur.
2389 1602 2441 1643 15

333 1693 467 1732 oum
531 1676 731 1732 autem
796 1672 867 1731 ab
923 1691 1004 1730 xL
1061 1671 1135 1730 ad
1188 1690 1296 1746 Lx,
1359 1671 1619 1731 latitudo
1675 1671 1979 1731 dividatur
2032 1673 2095 1730 in
2158 1675 2359 1749 partes

337 1754 346 1843 Ι
380 1763 669 1837 quinque,
720 1780 791 1820 ex
834 1761 927 1821 his
973 1761 1123 1819 duae
1169 1760 1441 1819 tabulino
1488 1761 1945 1820 constituantur.
2035 1780 2155 1820 non
2202 1763 2363 1820 enim
2382 1768 2494 1826 142

336 1851 488 1909 atria
533 1852 763 1909 minora
811 1849 884 1908 ab
930 1849 1253 1909 maioribus
1293 1849 1528 1909 easdem
1563 1853 1816 1926 possunt
1851 1851 2070 1910 habere
2108 1869 2360 1927 symme-

331 1939 584 1999 triarum
626 1939 906 1999 rationes.
981 1939 1034 1999 si
1080 1939 1237 1998 enim
1280 1938 1575 1998 maiorum
1619 1941 1979 2016 symmetriis
2020 1943 2261 1999 utemur
2296 1941 2361 2000 in

331 2028 687 2103 minoribuS,
741 2047 931 2103 neque
975 2027 1246 2087 tabulina
1290 2047 1485 2104 neque
1533 2029 1662 2087 alae
1707 2030 2033 2089 utilitatem
2077 2033 2363 2106 poterunt
2390 2052 2443 2091 πο

331 2117 564 2192 habere,
609 2117 704 2175 sin
743 2112 750 2194 Ι
794 2120 993 2176 autem
1047 2118 1344 2177 minorum
1398 2119 1461 2175 in
1515 2118 1837 2177 maioribus
1888 2122 2142 2194 utemur,
2187 2123 2361 2179 vasta
2382 2130 2442 2181 (5)

333 2210 394 2265 et
445 2206 710 2265 inmania
764 2206 828 2263 in
880 2206 973 2265 his
1031 2224 1100 2265 ea
1155 2209 1329 2265 erunt
1381 2206 1661 2266 membra.
1761 2208 1966 2284 itaque
2030 2209 2362 2286 generatim

331 2295 812 2373 magnitudinum
864 2296 1125 2355 rationes
1181 2296 1507 2372 exquisitas
1564 2298 1624 2354 et
1679 2296 1931 2355 utilitati
1977 2300 2039 2354 et
2094 2298 2361 2373 aspectui

333 2383 782 2445 conscribendas
828 2385 1053 2460 putavi.
1128 2384 1385 2444 altitudo
1431 2384 1687 2443 tabulini
1734 2384 1809 2443 ad
1852 2384 2084 2444 trabem
2131 2385 2362 2445 adiecta

479 2597 505 2643 1
547 2590 653 2644 alis
687 2567 779 2645 G:
803 2588 930 2644 auis
963 2590 1077 2645 Hs
1108 2587 1269 2659 (amis
1299 2587 1507 2657 Hcac).
1542 2587 1549 2660 ι
1580 2588 1903 2644 latitudinis
1939 2607 1995 2645 x.
2022 2592 2043 2659 ιι
2071 2595 2102 2642 2
2142 2589 2214 2643 ab
2250 2609 2362 2643 m

339 2661 462 2717 GS:
522 2662 598 2715 ad
636 2680 774 2716 .xxx.
806 2662 881 2716 H.
937 2663 956 2730 ΙΙ
1011 2664 1043 2712 3
1083 2659 1156 2714 ab
1212 2658 1594 2730 quadraginta
1648 2660 1722 2714 ad
1764 2679 1797 2713 L
1844 2663 1963 2730 (om.
2000 2660 2196 2730 pedes)
2236 2662 2303 2717 G.
2340 2661 2362 2733 ΙΙ

333 2739 368 2787 4
406 2733 574 2787 semis
611 2750 710 2788 om.
739 2750 795 2789 x.
847 2734 854 2804 Ι
906 2732 1014 2786 alis
1053 2730 1245 2802 G(S⁶):
1285 2730 1413 2785 aliis
1445 2732 1512 2785 H
1542 2731 1702 2801 (aleis
1737 2732 1821 2786 Ησ
1854 2738 1905 2787 et
1940 2738 2067 2787 ante
2102 2749 2239 2787 corr.
2271 2732 2358 2801 S).

331 2842 425 2895 sed
451 2860 499 2897 v.
532 2845 602 2895 15
630 2839 736 2894 alis
763 2857 818 2893 x.
847 2841 866 2909 ΙΙ
894 2845 925 2893 5
953 2857 986 2891 1.
1017 2881 1030 2893 .
1061 2881 1072 2893 .
1107 2882 1118 2893 .
1147 2856 1217 2890 Lx
1245 2837 1300 2892 S.
1329 2840 1349 2908 ΙΙ
1377 2843 1408 2891 6
1448 2800 1642 2907 ''¹¹1'3ars
1672 2838 1759 2893 H:
1797 2840 2001 2907 quarta
2036 2854 2169 2908 pars
2200 2838 2316 2893 GS.
2348 2839 2357 2911 Ι

333 2911 640 2966 tribuatur:
681 2911 843 2964 detur
871 2910 924 2965 S.
966 2912 986 2980 ΙΙ
1026 2914 1059 2963 8
1098 2908 1397 2964 dimidiam
1427 2909 1506 2965 G:
1546 2927 1605 2964 -a
1634 2910 1714 2977 H,
1750 2915 1812 2963 -1‘1
1841 2909 1893 2965 S.
1937 2912 1956 2979 ΙΙ
1998 2915 2029 2963 9
2068 2909 2362 2980 octoginta

333 2983 421 3038 H:
459 3001 602 3035 nxxx
632 2981 747 3037 GS.
783 2983 791 3049 Ι
822 2998 855 3033 o
885 3023 895 3034 .
929 3022 941 3035 .
974 3023 986 3035 .
1015 2999 1051 3034 v
1081 2981 1146 3035 G.
1184 2982 1203 3049 ΙΙ
1242 2986 1310 3034 10
1347 2996 1565 3037 earum:
1604 2984 1795 3035 autem
1831 2982 1946 3051 (ai-1)
1975 2981 2029 3037 S.
2065 2982 2086 3051 11
2125 2986 2188 3034 11
2229 2980 2360 3035 alti-

332 3054 559 3107 tudines
589 3052 652 3108 S:
689 3068 787 3105 -ne
816 3051 957 3107 HG.
986 3054 1006 3121 ΙΙ
1036 3058 1102 3105 13
1139 3050 1424 3105 tablinum
1482 3056 1543 3105 -ιῖ
1574 3053 1647 3120 G)
1678 3052 1806 3108 HG
1831 3050 2054 3123 (equale
2084 3051 2359 3108 stabilinfi.

334 3124 394 3179 Si
423 3125 506 3194 S).
541 3127 549 3194 Ι
581 3122 714 3177 atrii
743 3122 806 3177 S:
845 3122 1053 3176 atrium
1080 3124 1162 3191 (Ji
1193 3124 1266 3193 G)
1296 3122 1439 3179 HG.
1514 3122 1720 3193 viginti
1748 3122 1836 3179 H:
1873 3142 1946 3176 xx
1977 3123 2093 3179 GS.
2130 3126 2151 3194 ΙΙ
2189 3129 2255 3177 14
2286 3124 2361 3178 ab

336 3196 412 3251 G:
453 3195 526 3249 ad
554 3194 635 3261 H,
671 3210 706 3247 a
734 3193 786 3248 S.
815 3194 835 3263 ΙΙ
865 3197 929 3245 15
967 3193 1187 3248 tablino
1215 3213 1271 3249 x.
1300 3196 1319 3265 ΙΙ
1350 3199 1415 3248 17
1446 3195 1556 3249 duo
1586 3197 1643 3263 (i.
1673 3212 1714 3250 e.
1748 3197 1844 3263 .11.)
1872 3212 1913 3249 x
1939 3196 2029 3263 (cf.
2052 3212 2112 3265 p.
2143 3200 2233 3263 41,
2250 3197 2321 3263 9).
2348 3195 2358 3267 Ι

333 3266 552 3320 tablino
589 3282 630 3319 x
667 3265 755 3334 (cf.
784 3280 825 3317 x
845 3281 903 3331 p.
935 3267 1061 3331 145,
1081 3269 1168 3319 16.
1209 3266 1361 3321 Ptin.
1393 3269 1485 3333 35,
1506 3270 1541 3319 7
1568 3268 1702 3327 eta).
1758 3267 1777 3336 ΙΙ
1834 3272 1899 3320 18
1940 3266 2014 3320 ad
2051 3265 2361 3321 maioribus

335 3336 420 3389 H:
460 3336 533 3390 ad
569 3334 808 3389 maiores
841 3333 948 3389 GS
979 3338 1063 3405 (in
1097 3354 1164 3389 m.
1194 3342 1220 3389 ‘1'
1258 3341 1319 3391 at
1356 3336 1614 3391 maiorib’
1648 3338 1739 3404 G0,
1774 3340 1802 3389 t
1836 3337 1913 3392 ibv
1943 3337 2041 3407 8⁶).
2078 3339 2098 3407 ΙΙ
2137 3342 2203 3391 19
2242 3354 2361 3391 ma-

335 3403 540 3459 iorum:
578 3403 885 3460 maioribus
920 3422 976 3460 x.
1012 3411 1020 3473 Ι
1051 3408 1274 3462 utemur
1300 3408 1437 3463 HS:
1476 3410 1702 3462 utamur
1733 3408 1800 3463 G.
1828 3410 1847 3478 ΙΙ
1875 3415 1944 3463 20
1979 3408 2200 3463 tablino
2228 3409 2365 3477 HS,

338 3473 421 3525 —ni
449 3475 516 3530 G.
545 3478 564 3544 ΙΙ
591 3483 656 3529 21
696 3476 974 3531 minorum
1003 3476 1155 3533 HG:
1193 3478 1502 3534 minoribus
1536 3479 1590 3535 S.
1625 3480 1633 3551 Ι
1664 3481 1888 3534 utemur
1922 3497 2025 3535 om.
2054 3480 2106 3535 S.
2136 3481 2156 3550 ΙΙ
2184 3486 2253 3533 22
2294 3497 2364 3535 ea

338 3557 436 3595 om.
467 3545 520 3597 S.
566 3546 585 3613 ΙΙ
631 3552 698 3599 24
734 3547 942 3601 tablini
977 3566 1034 3603 x.
1067 3550 1076 3617 Ι
1109 3548 1335 3604 abiecta
1370 3568 1425 3605 x.
