2664 3927
765 183 863 238 DE
900 182 1462 238 ARCHITECTURA
1498 182 1632 237 LIB.
1670 183 1761 251 IX,
1804 189 1830 234 1
2181 182 2307 244 221

294 332 668 409 cinationem,
697 334 944 392 celerius
972 327 1373 411 (pervagari)
1399 333 1693 407 videntur,
1721 333 1880 409 quod
1908 352 2311 409 quaecumque

14 471 40 512 α
294 441 498 482 earum
564 422 852 481 minorem
915 422 1362 482 circinationem
1422 441 1714 499 peragens
1777 423 2014 498 saepius
2078 422 2311 480 subiens

184 520 276 574 (20)
293 510 580 587 praeterit
625 503 1022 592 quperiorem.
1098 512 1597 587 quemadmodum
1632 511 1683 570 si
1718 511 1781 570 in
1817 514 1953 570 rota
1990 530 2109 587 qua
2146 511 2315 588 figuli
2351 526 2417 574 15

293 603 548 659 utuntur
589 600 888 676 inpositae
932 600 1156 659 fuerint
1201 603 1431 676 septem
1466 600 1746 660 formicae
1784 601 2136 675 canalesque
2172 597 2313 658 toti-

240 708 266 749 5
295 688 429 748 dem
482 689 546 747 in
599 691 734 748 rota
786 689 934 748 facti
990 689 1111 748 sint
1164 689 1387 747 circum
1431 693 1699 748 centnm
1742 689 1863 749 imo
1910 689 2313 748 adcrescentes

293 778 371 837 ad
408 780 753 852 extremum,
787 777 852 836 in
890 778 1102 853 quibus
1139 778 1250 836 hae
1289 781 1583 855 cogantur
1618 778 2066 838 circinationem
2100 779 2314 852 facere,

293 871 676 942 verseturque
712 870 847 926 rota
879 868 945 925 in
980 867 1233 926 alteram
1268 871 1521 942 partem,
1556 886 1793 927 necesse
1828 869 1945 926 erit
1982 884 2080 926 eas
2108 870 2315 926 contra

186 967 274 1018 (2⁵)
293 959 460 1015 rotae
517 947 934 1036 versa1tionem
985 955 1373 1014 nihilominus
1426 956 1710 1016 adversus
1764 957 1983 1015 itinera
2035 956 2313 1032 perficere

157 1051 276 1110 224
297 1047 358 1103 ct
415 1063 568 1121 quae
627 1036 978 1126 proxiflmum
1037 1047 1304 1104 centrum
1361 1045 1638 1103 habuerit
1696 1044 1944 1104 celerius
1997 1045 2315 1122 pervagari

214 1155 268 1194 ιο
296 1151 568 1209 quaeque
628 1137 953 1192 extremum
1012 1133 1214 1193 orbem
1270 1137 1440 1193 rotae
1499 1135 1776 1210 peragat,
1836 1134 2081 1193 etiamsi·
2129 1152 2315 1209 aeque

295 1222 565 1281 celeriter
601 1222 881 1297 ambulet,
915 1225 1163 1298 propter
1195 1222 1671 1299 magnitudinem
1697 1222 2097 1281 circinationis
2124 1223 2315 1281 multo

295 1310 526 1370 tardius
579 1311 856 1387 perficere
911 1330 1163 1371 cursum.
1255 1311 1534 1370 similiter
1586 1314 1749 1370 astra
1799 1311 2055 1369 nitentia
2110 1314 2317 1370 contra

217 1410 278 1462 (⁵)
299 1399 504 1458 mundi
557 1419 793 1459 cursum
837 1400 957 1460 suis
1001 1400 1314 1460 itineribus
1356 1395 1364 1478 Ι
1406 1399 1718 1476 perficiunt
1763 1399 2159 1473 circumitum,
2216 1399 2319 1458 sed

295 1489 446 1547 caeli
489 1489 825 1549 versatione
867 1489 1397 1548 redundationibus
1444 1490 1786 1548 referuntur
1831 1487 2133 1547 cotidiana
2167 1491 2317 1546 tem-

217 1598 270 1639 15
294 1578 455 1654 poris
501 1578 966 1638 circumlatione.

429 1667 574 1726 Esse
638 1669 841 1726 autem
902 1667 1054 1727 alias
1118 1667 1324 1726 stellas
1386 1669 1751 1743 temperatas
1814 1666 1965 1724 alias
2024 1666 2318 1724 ferventes
2358 1680 2423 1727 16

298 1756 595 1830 etiamque
658 1756 908 1832 frigidas
970 1756 1118 1815 haec
1181 1775 1307 1815 esse
1373 1774 1553 1814 causa
1612 1754 1852 1815 videtur
1910 1754 2069 1829 quod
2128 1753 2318 1813 omnis

297 1843 454 1919 ignis
500 1844 564 1902 in
610 1845 915 1920 superiora
958 1845 1092 1903 loca
1135 1844 1318 1904 habet
1363 1844 1743 1903 scandentem
1787 1843 2103 1902 flammam.
2178 1861 2318 1920 ergo

190 1943 280 1995 (ιο)
301 1931 392 1991 sol
445 1932 686 1991 aethera
725 1928 732 2011 Ι
776 1933 881 2010 qui
927 1935 1018 1993 est
1070 1952 1250 2010 supra
1306 1951 1368 1993 se
1423 1933 1605 1993 radiis
1660 1951 1911 1992 exurens
1956 1931 2139 1992 efficit
2183 1950 2319 1992 can-

219 2045 272 2083 20
299 2020 554 2096 dentem,
599 2021 662 2079 in
706 2021 920 2097 quibus
955 2023 1099 2082 locis
1134 2023 1318 2082 habet
1354 2042 1596 2083 cursum
1629 2023 1839 2082 Martis
1878 2022 2071 2097 stella,
2114 2022 2320 2097 itaque

299 2111 533 2168 fervens
580 2109 654 2168 ab
703 2110 912 2169 ardore
957 2112 1096 2171 solis
1145 2112 1421 2171 efficitur.
1496 2111 1739 2171 Saturni
1786 2114 1987 2170 autem
2033 2111 2193 2187 quod
2233 2113 2323 2169 est

297 2199 570 2274 proxima
625 2201 884 2260 extremo
929 2201 1151 2260 mundo
1198 2204 1260 2260 et
1301 2202 1503 2278 tangit
1546 2201 1887 2279 congelatas
1935 2200 2086 2259 caeli
2130 2200 2321 2277 regio-

299 2306 422 2362 nes,
457 2287 836 2347 vehementer
861 2292 954 2348 est
977 2290 1216 2367 frigida.
1281 2310 1353 2349 ex
1380 2309 1450 2350 eo
1477 2290 1638 2350 Iovis
1668 2309 1802 2348 cum
1826 2290 1985 2348 inter
2009 2289 2321 2365 utriusque

189 2390 280 2443 (15)
300 2376 739 2436 circumitiones
792 2370 1030 2460 halbeat
1083 2397 1349 2455 cursum,
1412 2398 1449 2437 a
1500 2379 1953 2455 refrigeratione
2009 2380 2322 2453 caloreque

218 2488 271 2529 25
301 2484 506 2546 earum
558 2466 752 2524 medio
808 2467 1221 2527 convenientes
1275 2468 1923 2544 temperatissimosque
1975 2467 2189 2526 habere
2234 2467 2321 2527 vi-

299 2555 474 2613 detur
519 2555 776 2613 effectus·

433 2644 524 2702 De
579 2662 727 2703 zona
770 2663 861 2703 ΧΠ
915 2645 1222 2723 signorum
1275 2649 1338 2704 et
1391 2650 1618 2721 septem
1672 2647 1973 2705 astrorum
2026 2646 2323 2704 contrario

301 2751 475 2808 opere
523 2751 592 2791 ac
638 2751 833 2809 cursu,
877 2733 1096 2810 quibus
1141 2734 1478 2794 rationibus
1523 2737 1586 2793 et
1630 2734 1891 2793 numeris
1935 2736 2246 2793 transeant
2293 2753 2325 2792 e

301 2822 487 2900 signis
531 2822 594 2879 in
641 2821 813 2899 signa
860 2825 922 2881 et
965 2821 1341 2883 circumitum
1386 2841 1589 2881 eorum
1632 2822 1726 2883 uti
1770 2841 1807 2880 a
1842 2823 2324 2898 praeceptoribus

139 2903 521 2991 (macacffcepi
570 2912 828 2987 exposui.
919 2931 1076 2971 nunc
1120 2912 1191 2971 de
1239 2912 1525 2972 crescenti
1568 2912 1792 2971 lumine
1836 2912 2015 2971 lunae
2061 2913 2323 2971 deminu-

303 2999 584 3075 tioneque
629 3000 720 3058 uti
763 3000 1056 3059 traditum
1100 3003 1190 3061 est
1233 3001 1404 3061 nobis
1452 3019 1487 3059 a
1532 3000 1857 3060 maioribus
1903 3001 2111 3062 dicam.

449 3192 477 3239 1
516 3186 818 3258 pervagari
853 3204 953 3243 om.
989 3207 1046 3243 x.
1100 3190 1122 3257 ΙΙ
1173 3194 1206 3241 2
1245 3203 1438 3241 eorum
1471 3206 1527 3243 ω.
1582 3190 1601 3257 ΙΙ
1653 3194 1688 3241 4
1723 3188 2016 3243 formicae:
2054 3189 2331 3255 μύρμηκες

307 3257 638 3329 (Posidonii)
672 3261 826 3329 apud
866 3258 1189 3315 Oleomedem
1223 3259 1539 3341 (Schneider
1572 3260 1649 3314 ad
1682 3260 1733 3313 h.
1764 3261 1840 3323 L).
1870 3261 1888 3328 ΙΙ
1917 3265 1948 3311 5
1976 3258 2115 3312 imo:
2152 3256 2327 3313 inimo

307 3344 362 3381 x.
417 3330 438 3397 ss
491 3334 523 3383 8
559 3328 740 3384 nihilo
785 3329 968 3384 minus
997 3331 1145 3386 EG:
1191 3329 1337 3384 mhil
1372 3329 1555 3384 minus
1593 3330 1721 3385 HS.
1778 3333 1797 3400 ΙΙ
1853 3336 1919 3383 13
1957 3328 2253 3383 circuitum
2288 3348 2329 3385 x

307 3400 544 3480 (praeter
570 3401 632 3454 E
665 3400 996 3470 circumitfi).
1025 3404 1046 3471 ΙΙ
1074 3407 1140 3455 19
1180 3400 1367 3455 effecit
1402 3401 1479 3455 H.
1507 3403 1527 3471 ΙΙ
1554 3408 1623 3455 22
1662 3404 1721 3455 et
1755 3419 1855 3456 om.
1894 3418 1948 3453 x.
1978 3404 1997 3467 fl
2026 3405 2095 3453 24
2132 3399 2329 3454 circui-

307 3473 490 3523 tiones
526 3489 580 3526 x.
623 3472 632 3542 Ι
670 3471 834 3526 hab&
869 3490 924 3527 x.
966 3475 986 3543 ΙΙ
1025 3478 1094 3527 25
1132 3489 1323 3527 corum
1359 3491 1414 3527 x.
1460 3474 1481 3555 fl
1524 3478 1593 3526 28
1630 3473 1957 3526 transeunte
1995 3471 2171 3541 signis
2200 3473 2266 3527 H
2272 3472 2330 3541 S,

307 3543 604 3595 transeunt
639 3541 848 3613 caignis
877 3544 1086 3601 EGSc.
1132 3547 1152 3615 ΙΙ
1197 3550 1264 3599 29
1303 3544 1599 3600 circuitum
1634 3560 1689 3600 x.
